
  
  
  
  
  
  
 
  
  <record xsi:schemaLocation="http://www.loc.gov/MARC21/slim http://www.loc.gov/standards/marcxml/schema/MARC21slim.xsd">
      <leader>00000cam  2200589 a 4500</leader>
      <controlfield tag="FMT">BK</controlfield>
      <controlfield tag="LDR">00000cam  2200589 a 4500</controlfield>
      <controlfield tag="001">004055452</controlfield>
      <controlfield tag="003">OCoLC</controlfield>
      <controlfield tag="005">20141103144053.0</controlfield>
      <controlfield tag="008">141103s2010    cc abf   b    100 0 chi d</controlfield>
      <datafield tag="020" ind1=" " ind2=" ">
         <subfield code="a">9787030292353</subfield>
      </datafield>
      <datafield tag="020" ind1=" " ind2=" ">
         <subfield code="a">7030292359</subfield>
      </datafield>
      <datafield tag="035" ind1=" " ind2=" ">
         <subfield code="a">(OCoLC)694392374</subfield>
      </datafield>
      <datafield tag="040" ind1=" " ind2=" ">
         <subfield code="a">BCBTC</subfield>
         <subfield code="c">BCBTC</subfield>
         <subfield code="d">OCLCQ</subfield>
         <subfield code="d">CNPIT</subfield>
         <subfield code="d">EYM</subfield>
         <subfield code="d">ZCU</subfield>
         <subfield code="d">OCLCA</subfield>
         <subfield code="d">OCLCF</subfield>
         <subfield code="d">OCLCO</subfield>
         <subfield code="d">ZYU</subfield>
         <subfield code="d">NNU</subfield>
      </datafield>
      <datafield tag="043" ind1=" " ind2=" ">
         <subfield code="a">a-cc-ho</subfield>
      </datafield>
      <datafield tag="050" ind1=" " ind2="4">
         <subfield code="a">DS721</subfield>
         <subfield code="b">.Z46 2010</subfield>
      </datafield>
      <datafield tag="066" ind1=" " ind2=" ">
         <subfield code="c">$1</subfield>
      </datafield>
      <datafield tag="245" ind1="0" ind2="0">
         <subfield code="6">880-01</subfield>
         <subfield code="a">Zhongguo ju luo kao gu de li lun yu shi jian.</subfield>
         <subfield code="n">Di 1 ji :</subfield>
         <subfield code="b">ji nian Xinmi Xinzhai yi zhi fa jue 30 nian xue shu yan tao hui lun wen ji /</subfield>
         <subfield code="c">Zhongguo she hui ke xue yuan kao gu yan jiu suo, Zhengzhou Shi wen wu kao gu yan jiu yuan bian.</subfield>
      </datafield>
      <datafield tag="246" ind1="3" ind2="0">
         <subfield code="6">880-02</subfield>
         <subfield code="a">Ji nian Xinmi Xinzhai yi zhi fa jue 30 nian xue shu yan tao hui lun wen ji</subfield>
      </datafield>
      <datafield tag="250" ind1=" " ind2=" ">
         <subfield code="6">880-03</subfield>
         <subfield code="a">Di 1 ban.</subfield>
      </datafield>
      <datafield tag="260" ind1=" " ind2=" ">
         <subfield code="6">880-04</subfield>
         <subfield code="a">Beijing :</subfield>
         <subfield code="b">Ke xue chu ban she,</subfield>
         <subfield code="c">2010.</subfield>
      </datafield>
      <datafield tag="300" ind1=" " ind2=" ">
         <subfield code="a">x, 495 p., [8] p. of plates :</subfield>
         <subfield code="b">ill. (some col.), maps ;</subfield>
         <subfield code="c">27 cm.</subfield>
      </datafield>
      <datafield tag="504" ind1=" " ind2=" ">
         <subfield code="a">Includes bibliographical references.</subfield>
      </datafield>
      <datafield tag="520" ind1=" " ind2=" ">
         <subfield code="6">880-05</subfield>
         <subfield code="a">2009 nian 12 yue 28 ri zhi 30 ri, you Zhongguo she hui ke xue yuan kao gu yan jiu suo, Zhengzhou Shi wen wu kao gu yan jiu suo, Xinmi Shi ren min zheng fu zhu ban de "Zhongguo ju luo kao gu de li lun yu shi jian ji ji nian Xinzhai yi zhi fa jue 30 zhou nian xue shu yan tao hui" zai Henan Xinmi Shi zhao kai. Hui yi wei rao Zhongguo ju luo kao gu yi ji Xinzhai yi zhi de you guan xue shu wen ti jing xing le tao lun, nei rong she ji xin shi qi shi dai ge zhong yao qu yu de ju luo kao gu yan jiu deng nei rong zhan kai.</subfield>
      </datafield>
      <datafield tag="505" ind1="0" ind2="0">
         <subfield code="6">880-06</subfield>
         <subfield code="g">Dai qian yan.</subfield>
         <subfield code="t">Zhongguo ju luo kao gu de quan mian jian yan yu guang fan jiao liu : “Zhongguo ju luo kao gu li lun yu shi jian ji ji nian Xinzhai yi zhi fa jue 30 zhou nian xue shu yan tao hui” zong shu /</subfield>
         <subfield code="r">Zhao Chunqing, Zhang Songlin --</subfield>
         <subfield code="g">Yi Hui yi zhi ci.</subfield>
         <subfield code="t">Kai mu ci /</subfield>
         <subfield code="r">Wang Wei</subfield>
         <subfield code="t">Huan ying ci /</subfield>
         <subfield code="r">Xie Shuanyun --</subfield>
         <subfield code="g">Er Li lun yu fang fa.</subfield>
         <subfield code="t">Guan yu ju luo kao gu de fang fa wen ti /</subfield>
         <subfield code="r">Yan Wenming --</subfield>
         <subfield code="t">Guang yu wen ming xing cheng de pan duan biao zhun wen ti /</subfield>
         <subfield code="r">Li Boqian --</subfield>
         <subfield code="t">Ju luo kao gu yan jiu zhong de huan jing kao gu wen ti /</subfield>
         <subfield code="r">Xia Zhengkai, Zhang Junna --</subfield>
         <subfield code="t">Guan yu shen hua shi qianju luo kao gu yan jiu zhong xu yao tuan suo de yi ge wen ti /</subfield>
         <subfield code="r">Zhu Naicheng --</subfield>
         <subfield code="t">Shi qian ju luo qun ju xing tai yan jiu lun gang /</subfield>
         <subfield code="r">Pei Anping --</subfield>
         <subfield code="t">Zhongguo de qu yu xi tong diao cha fang fa bian xi /</subfield>
         <subfield code="r">Shuo Zhi --</subfield>
         <subfield code="t">Qu yu ju luo kao gu de bi jiao fen xi /</subfield>
         <subfield code="r">Dai Xiang ming --</subfield>
         <subfield code="t">Shu xue ji suan mo xing yu Erlitou zao qi guo jia de jiang yu /</subfield>
         <subfield code="r">Zhang Hai --</subfield>
      </datafield>
      <datafield tag="505" ind1="0" ind2="0">
         <subfield code="6">880-07</subfield>
         <subfield code="g">San Xin fa xian yu xin tan suo.</subfield>
         <subfield code="t">Chengdu Pingyuan she hui fu za hua jin cheng qu yu diao cha /</subfield>
         <subfield code="r">Li Shuicheng --</subfield>
         <subfield code="t">Wei He liu yu Yangshao wen hua ju luo zhuang kuang guan cha /</subfield>
         <subfield code="r">Zhang Tian'eng --</subfield>
         <subfield code="t">Shanxi Ruicheng Qing liang si shi qian mu di fan ying de she hui bian ge /</subfield>
         <subfield code="r">Xue Xinmin, Yang Linzhong --</subfield>
         <subfield code="t">Jie pao xing fa jue ji qi ju luo kao gu yan jiu yi yi /</subfield>
         <subfield code="r">Qian Yaopeng --</subfield>
         <subfield code="t">Long men shan di qi shi qian yi zhi fen bu de di zhi xue guan cha ： 5.12 Wenchuan te da di zhen dui Sichuan shi qian kao gu de ji dian qi shi /</subfield>
         <subfield code="r">Chen Jian --</subfield>
         <subfield code="t">Jinsha yi zhi ju luo xing tai de chu bu ren shi /</subfield>
         <subfield code="r">Zhou Zhiqing --</subfield>
         <subfield code="t">Henan Xinzhen Tang hu yi zhi Peiligang wen hua ju luo kao gu xin fa xian yu chu bu ren shi /</subfield>
         <subfield code="r">Xin Yingjun --</subfield>
         <subfield code="t">Henan Xichuan Ma ling yi zhi ju luo kao gu de tan suo /</subfield>
         <subfield code="r">Yu Xiyun, Zhao Xinping --</subfield>
         <subfield code="t">Xichuan Gouwan yi zhi Yangzhao wen hua huan hao ju luo de fa xian ji qi yi yi /</subfield>
         <subfield code="r">Ji Song'an, Zhang Ping --</subfield>
         <subfield code="t">Zhengzhou Shi ju luo kao gu de shi jian yu si kao /</subfield>
         <subfield code="r">Zhang Songlin --</subfield>
         <subfield code="t">Chang Jiang zhong you xin shi qi shi dai cheng zhi ju luo de xin fa xian yu xin si kao /</subfield>
         <subfield code="r">Liu Hui --</subfield>
         <subfield code="t">Cheng qiang shang de fang wu : Gaixia yi zhi pai fang de fa xian ji qi gong neng de chu bu fen xi /</subfield>
         <subfield code="r">Wang zhi --</subfield>
      </datafield>
      <datafield tag="505" ind1="0" ind2="0">
         <subfield code="6">880-08</subfield>
         <subfield code="g">Si Ju luo yan jiu yu wen ming hua jin cheng.</subfield>
         <subfield code="t">Niu he liang yi zhi suo jain dong bei nan bu zao qi ju luo yan bian yu wen ming jin cheng : bian xie "Niu he liang yi zhi fa jue bao gao" ti hui zhi san /</subfield>
         <subfield code="r">Guo Dashun --</subfield>
         <subfield code="t">Han shui zhong you di qu xin shi qi shi dai ju luo de diao chao yu shou huo /</subfield>
         <subfield code="r">zhang Chi, Fan Li --</subfield>
         <subfield code="t">Deng ji yi gui mo de kong jian qing jing : Liyang Pingyuan ji chu xin shi qi shi dai ju luo kao cha /</subfield>
         <subfield code="r">Guo Weimin --</subfield>
         <subfield code="t">Liangzhu ju luo mo shi de tan suo: yi Zhe bei di qu wei li /</subfield>
         <subfield code="r">Fang Xiangming --</subfield>
         <subfield code="t">Dawenkou一Longshan wen hua ju luo xing tai de kao cha /</subfield>
         <subfield code="r">He Deliang --</subfield>
         <subfield code="t">Shandong Longshan wen hua cheng zhi lue lun /</subfield>
         <subfield code="r">Sun Bo --</subfield>
         <subfield code="t">Peiligang wen hua ju luo zai yan jiu: cong yi gou Bei gang, Jia hu, Tang hu yi zhi tan zi /</subfield>
         <subfield code="r">Yang Zhaoqing --</subfield>
         <subfield code="t">Henan Yangshao wen hua ju luo yan jiu /</subfield>
         <subfield code="r">Li Changtao, Wang Huibo, Qian Lisen, Wei Xinmin --</subfield>
         <subfield code="t">Zhengzhou Xishan gu cheng ji qi zhou bian tong shi qi yi zhi de kao cha /</subfield>
         <subfield code="r">Suo Huixing --</subfield>
         <subfield code="t">Jin zhong, Jin nan Xia wen hua ju luo qun /</subfield>
         <subfield code="r">Xu Shunzhan --</subfield>
         <subfield code="t">Liangzhu , Taosi yu Erlitou: zao qi Zhongguo wen ming de yan jin zhi lu /</subfield>
         <subfield code="r">Han Jianye --</subfield>
      </datafield>
      <datafield tag="505" ind1="0" ind2="0">
         <subfield code="6">880-09</subfield>
         <subfield code="g">Wu Xinzhai zhuan ti yan jiu</subfield>
         <subfield code="t">Xinzhai ju luo kao gu de hui gu yu zhan wang: ji nian Xinzhai yi zhi fa jue 30 zhou nian /</subfield>
         <subfield code="r">Zhao Chunqing, Zhang Songlin --</subfield>
         <subfield code="t">“Huang tai”、“Huang shui” yu “Qi du” xin lun /</subfield>
         <subfield code="r">Cai Quanfa --</subfield>
         <subfield code="t">Xinzhai yi zhi he Xia dai “Qi shi” /</subfield>
         <subfield code="r">Zheng Jiexiang --</subfield>
         <subfield code="t">Huadizui yi zhi ju luo wen ti de chu bu yan jiu /</subfield>
         <subfield code="r">Gu Wanfa.</subfield>
      </datafield>
      <datafield tag="650" ind1=" " ind2="0">
         <subfield code="a">Archaeology</subfield>
         <subfield code="z">China</subfield>
         <subfield code="z">Xinmi Shi</subfield>
         <subfield code="v">Congresses.</subfield>
      </datafield>
      <datafield tag="650" ind1=" " ind2="0">
         <subfield code="a">Excavations (Archaeology)</subfield>
         <subfield code="z">China</subfield>
         <subfield code="z">Xinmi Shi</subfield>
         <subfield code="v">Congresses.</subfield>
      </datafield>
      <datafield tag="651" ind1=" " ind2="0">
         <subfield code="a">Xinmi Shi (China)</subfield>
         <subfield code="6">880-10</subfield>
         <subfield code="x">Antiquities</subfield>
         <subfield code="v">Congresses.</subfield>
      </datafield>
      <datafield tag="650" ind1=" " ind2="7">
         <subfield code="a">Antiquities.</subfield>
         <subfield code="2">fast</subfield>
         <subfield code="0">(OCoLC)fst00810745</subfield>
      </datafield>
      <datafield tag="650" ind1=" " ind2="7">
         <subfield code="a">Archaeology.</subfield>
         <subfield code="2">fast</subfield>
         <subfield code="0">(OCoLC)fst00812938</subfield>
      </datafield>
      <datafield tag="650" ind1=" " ind2="7">
         <subfield code="a">Excavations (Archaeology)</subfield>
         <subfield code="2">fast</subfield>
         <subfield code="0">(OCoLC)fst00917564</subfield>
      </datafield>
      <datafield tag="651" ind1=" " ind2="7">
         <subfield code="a">China</subfield>
         <subfield code="z">Xinmi Shi.</subfield>
         <subfield code="2">fast</subfield>
         <subfield code="0">(OCoLC)fst01288093</subfield>
      </datafield>
      <datafield tag="655" ind1=" " ind2="7">
         <subfield code="a">Conference proceedings.</subfield>
         <subfield code="2">fast</subfield>
         <subfield code="0">(OCoLC)fst01423772</subfield>
      </datafield>
      <datafield tag="710" ind1="2" ind2=" ">
         <subfield code="6">880-11</subfield>
         <subfield code="a">Zhongguo she hui ke xue yuan.</subfield>
         <subfield code="b">Kao gu yan jiu suo.</subfield>
      </datafield>
      <datafield tag="710" ind1="2" ind2=" ">
         <subfield code="6">880-12</subfield>
         <subfield code="a">Zhengzhou Shi wen wu kao gu yan jiu yuan.</subfield>
      </datafield>
      <datafield tag="880" ind1="0" ind2="0">
         <subfield code="6">245-01/</subfield>
         <subfield code="a">中国聚落考古的理论与实践.</subfield>
         <subfield code="n">第一辑 :</subfield>
         <subfield code="b">纪念新密新砦遗址发掘30年学术研讨会论文集 /</subfield>
         <subfield code="c">中国社会科学院考古研究所, 郑州市文物考古研究院编.</subfield>
      </datafield>
      <datafield tag="880" ind1="3" ind2="0">
         <subfield code="6">246-02/</subfield>
         <subfield code="a">纪念新密新砦遗址发掘30年学术研讨会论文集</subfield>
      </datafield>
      <datafield tag="880" ind1=" " ind2=" ">
         <subfield code="6">250-03/</subfield>
         <subfield code="a">第1版.</subfield>
      </datafield>
      <datafield tag="880" ind1=" " ind2=" ">
         <subfield code="6">260-04/</subfield>
         <subfield code="a">北京 :</subfield>
         <subfield code="b">科学出版社,</subfield>
         <subfield code="c">2010.</subfield>
      </datafield>
      <datafield tag="880" ind1=" " ind2=" ">
         <subfield code="6">520-05/</subfield>
         <subfield code="a">2009年12月28日至30日, 由中国社会科学院考古研究所, 郑州市文物考古研究院, 新密市人民政府主办的"中国聚落考古的理论与实践暨纪念新砦遗址发掘30周年学术研讨会"在河南新密市召开. 会议围绕中国聚落考古以及新砦遗址的有关学术问题进行了讨论, 内容涉及新石器时代各重要区域的聚落考古研究等内容展开.</subfield>
      </datafield>
      <datafield tag="880" ind1="0" ind2="0">
         <subfield code="6">505-06/</subfield>
         <subfield code="g">代前言</subfield>
         <subfield code="t">中国聚落考古的全面检验与广泛交流——“中国聚落考古的理论与实践暨纪念 新砦遗址发掘30周年学术研讨会”综述</subfield>
         <subfield code="r">赵春青，张松林 --</subfield>
         <subfield code="g">壹 会议致辞.</subfield>
         <subfield code="t">开幕辞 /</subfield>
         <subfield code="r">王巍</subfield>
         <subfield code="t">欢迎辞 /</subfield>
         <subfield code="r">谢霜云</subfield>
         <subfield code="g">贰 理论与方法.</subfield>
         <subfield code="t">关于聚落考古的方法问题 /</subfield>
         <subfield code="r">严文明 --</subfield>
         <subfield code="t">关于文明形成的判断标准问题 /</subfield>
         <subfield code="r">李伯谦 --</subfield>
         <subfield code="t">聚落考古研究中的环境考古问题 /</subfield>
         <subfield code="r">夏正楷，张俊娜 --</subfield>
         <subfield code="t">关于深化史前聚落考古研究需要探索的一个问题 /</subfield>
         <subfield code="r">朱乃诚 --</subfield>
         <subfield code="t">史前聚落群聚形态研究论纲 /</subfield>
         <subfield code="r">裴安平 --</subfield>
         <subfield code="t">中国的区域系统调查方法辨析 /</subfield>
         <subfield code="r">朔知 --</subfield>
         <subfield code="t">区域聚落考古的比较分析 /</subfield>
         <subfield code="r">戴向明 --</subfield>
         <subfield code="t">数学计算模型与二里头早期国家的疆域 /</subfield>
         <subfield code="r">张海 --</subfield>
      </datafield>
      <datafield tag="880" ind1="0" ind2="0">
         <subfield code="6">505-07/</subfield>
         <subfield code="g">叁 新发现与新探索</subfield>
         <subfield code="t">成都平原社会复杂化进程区域调查 /</subfield>
         <subfield code="r">李水城 --</subfield>
         <subfield code="t">渭河流域仰韶文化聚落状况观察 /</subfield>
         <subfield code="r">张天恩 --</subfield>
         <subfield code="t">山西芮城清凉寺史前墓地反映的社会变革 /</subfield>
         <subfield code="r">薛新明，杨林中 --</subfield>
         <subfield code="t">解剖性发掘及其聚落考古研究意义 /</subfield>
         <subfield code="r">钱耀鹏 --</subfield>
         <subfield code="t">龙门山地区史前遗址分布的地质学观察 ： 5.12汶川特大地震对四川史前考古的几点启示 /</subfield>
         <subfield code="r">陈剑 --</subfield>
         <subfield code="t">金沙遗址聚落形态的初步认识 /</subfield>
         <subfield code="r">周志清 --</subfield>
         <subfield code="t">河南新郑唐户遗址裴李岗文化聚落考古新发现与初步认识 /</subfield>
         <subfield code="r">信应君 --</subfield>
         <subfield code="t">河南淅川马岭遗址聚落考古的探索 /</subfield>
         <subfield code="r">余西云，赵新平 --</subfield>
         <subfield code="t">淅川沟湾遗址仰韶文化环壕聚落的发现及其意义 /</subfield>
         <subfield code="r">靳松安，张萍 --</subfield>
         <subfield code="t">郑州市聚落考古的实践与思考 /</subfield>
         <subfield code="r">张松林 --</subfield>
         <subfield code="t">长江中游新石器时代城址聚落的新发现与新思考 /</subfield>
         <subfield code="r">刘辉 --</subfield>
         <subfield code="t">城墙顶上的房屋 : 垓下遗址排房的发现及其功能的初步分析 /</subfield>
         <subfield code="r">王志 --</subfield>
      </datafield>
      <datafield tag="880" ind1="0" ind2="0">
         <subfield code="6">505-08/</subfield>
         <subfield code="g">肆 聚落研究与文明化进程.</subfield>
         <subfield code="t">牛河梁遗址所见东北南部早期聚落演变与文明进程: 编写《牛河梁遗址发掘报告》体会之三 /</subfield>
         <subfield code="r">郭大順 --</subfield>
         <subfield code="t">汉水中游地区新石器时代聚落的调查与收获 /</subfield>
         <subfield code="r">张弛，樊力 --</subfield>
         <subfield code="t">等级一规模的空间情景: 澧阳平原几处新石器时代聚落考察 /</subfield>
         <subfield code="r">郭伟民 --</subfield>
         <subfield code="t">良渚聚落模式的探索: 以浙北地区为例 /</subfield>
         <subfield code="r">方向明 --</subfield>
         <subfield code="t">大汶口一龙山文化聚落形态的考察 /</subfield>
         <subfield code="r">何德亮 --</subfield>
         <subfield code="t">山东龙山文化城址略论 /</subfield>
         <subfield code="r">孙波 --</subfield>
         <subfield code="t">裴李岗文化聚落再研究: 从莪沟北岗、贾湖、唐户遗址谈起 /</subfield>
         <subfield code="r">杨肇清 --</subfield>
         <subfield code="t">河南仰韶文化聚落研究 /</subfield>
         <subfield code="r">李昌韬，王会波，钱立森，魏新民 --</subfield>
         <subfield code="t">郑州西山古城及其周边同时期遗址的考察 /</subfield>
         <subfield code="r">索会星 --</subfield>
         <subfield code="t">晋中、晋南夏文化聚落群 /</subfield>
         <subfield code="r">许顺湛 --</subfield>
         <subfield code="t">良渚、陶寺与二里头: 早期中国文明的演进之路 /</subfield>
         <subfield code="r">韩建业 --</subfield>
      </datafield>
      <datafield tag="880" ind1="0" ind2="0">
         <subfield code="6">505-09/</subfield>
         <subfield code="g">伍 新砦专题研究</subfield>
         <subfield code="t">新砦聚落考古的回顾与展望: 纪念新砦遗址发掘30周年 /</subfield>
         <subfield code="r">赵春青，张松林 --</subfield>
         <subfield code="t">“黄台”、“黄水”与“启都”新论 /</subfield>
         <subfield code="r">蔡全法 --</subfield>
         <subfield code="t">新砦遗址和夏代“启室” /</subfield>
         <subfield code="r">郑杰祥 --</subfield>
         <subfield code="t">花地嘴遗址聚落问题的初步研究 /</subfield>
         <subfield code="r">顾万发.</subfield>
      </datafield>
      <datafield tag="880" ind1=" " ind2="4">
         <subfield code="6">651-10/</subfield>
         <subfield code="a">新密市 (China)</subfield>
         <subfield code="x">Antiquities</subfield>
         <subfield code="v">Congresses.</subfield>
      </datafield>
      <datafield tag="880" ind1="2" ind2=" ">
         <subfield code="6">710-11/</subfield>
         <subfield code="a">中国社会科学院.</subfield>
         <subfield code="b">考古研究所.</subfield>
      </datafield>
      <datafield tag="880" ind1="2" ind2=" ">
         <subfield code="6">710-12/</subfield>
         <subfield code="a">郑州市文物考古研究院.</subfield>
      </datafield>
      <datafield tag="994" ind1=" " ind2=" ">
         <subfield code="a">Z0</subfield>
         <subfield code="b">ZYU</subfield>
      </datafield>
      <datafield tag="OWN" ind1=" " ind2=" ">
         <subfield code="a">GENERAL</subfield>
      </datafield>
      <datafield tag="AVA" ind1=" " ind2=" ">
         <subfield code="a">NYU50</subfield>
         <subfield code="b">NISAW</subfield>
         <subfield code="c">Small Collection</subfield>
         <subfield code="d">DS721 .Z46 2010</subfield>
         <subfield code="e">available</subfield>
         <subfield code="t">Available</subfield>
         <subfield code="f">1</subfield>
         <subfield code="g">0</subfield>
         <subfield code="h">N</subfield>
         <subfield code="i">0</subfield>
         <subfield code="j">SMALL</subfield>
         <subfield code="k">0</subfield>
      </datafield>
      <marc:datafield tag="852" ind1=" " ind2=" ">
         <marc:subfield code="b">Institute for the Study of the Ancient World, </marc:subfield>
         <marc:subfield code="c">Small Collection</marc:subfield>
         <marc:subfield code="e">15 East 84th St., </marc:subfield>
         <marc:subfield code="e">New York, NY  10028</marc:subfield>
      </marc:datafield>
   </record>