
  
  
  
  
  
 
  
  <record xsi:schemaLocation="http://www.loc.gov/MARC21/slim http://www.loc.gov/standards/marcxml/schema/MARC21slim.xsd">
      <leader>00000cam  2200325 a 4500</leader>
      <controlfield tag="FMT">BK</controlfield>
      <controlfield tag="LDR">00000cam  2200325 a 4500</controlfield>
      <controlfield tag="001">004055486</controlfield>
      <controlfield tag="003">OCoLC</controlfield>
      <controlfield tag="005">20141103134902.0</controlfield>
      <controlfield tag="008">141103s2014    tu ab    b    100 0 eng d</controlfield>
      <datafield tag="020" ind1=" " ind2=" ">
         <subfield code="a">9786054701339</subfield>
      </datafield>
      <datafield tag="020" ind1=" " ind2=" ">
         <subfield code="a">6054701339</subfield>
      </datafield>
      <datafield tag="035" ind1=" " ind2=" ">
         <subfield code="a">(OCoLC)883136055</subfield>
      </datafield>
      <datafield tag="040" ind1=" " ind2=" ">
         <subfield code="a">BTCTA</subfield>
         <subfield code="b">eng</subfield>
         <subfield code="c">BTCTA</subfield>
         <subfield code="d">NAM</subfield>
         <subfield code="d">OCLCO</subfield>
         <subfield code="d">CUY</subfield>
         <subfield code="d">NNU</subfield>
      </datafield>
      <datafield tag="043" ind1=" " ind2=" ">
         <subfield code="a">a-tu---</subfield>
      </datafield>
      <datafield tag="050" ind1=" " ind2="4">
         <subfield code="a">DR431</subfield>
         <subfield code="b">.A754 2011</subfield>
      </datafield>
      <datafield tag="111" ind1="2" ind2=" ">
         <subfield code="a">Arkeoloji'de bölgesel çalışmalar sempozyum bildirileri</subfield>
         <subfield code="d">(2011 :</subfield>
         <subfield code="c">Ankara, Turkey)</subfield>
      </datafield>
      <datafield tag="245" ind1="1" ind2="0">
         <subfield code="a">Arkeoloji'de bölgesel çalışmalar sempozyum bildirileri, 12-13 Mayıs 2011, Ankara =</subfield>
         <subfield code="b">Regional studies in archaeology symposium proceedings, 12-13 May 2011, Ankara /</subfield>
         <subfield code="c">yayına hazırlayanlar D. Burcu Erciyas, Emine Sökmen.</subfield>
      </datafield>
      <datafield tag="246" ind1="3" ind2="1">
         <subfield code="a">Regional studies in archaeology symposium proceedings, 12-13 May 2011, Ankara</subfield>
      </datafield>
      <datafield tag="260" ind1=" " ind2=" ">
         <subfield code="a">İstanbul :</subfield>
         <subfield code="b">Ege Yayınları,</subfield>
         <subfield code="c">c2014.</subfield>
      </datafield>
      <datafield tag="300" ind1=" " ind2=" ">
         <subfield code="a">viii, 229 p. :</subfield>
         <subfield code="b">ill., maps ;</subfield>
         <subfield code="c">28 cm.</subfield>
      </datafield>
      <datafield tag="490" ind1="1" ind2=" ">
         <subfield code="a">Yerleşim arkeolojisi serisi. Sempozyum bildirileri ;</subfield>
         <subfield code="v">4 = Settlement archaeology series. Symposium proceedings</subfield>
         <subfield code="v">4</subfield>
      </datafield>
      <datafield tag="504" ind1=" " ind2=" ">
         <subfield code="a">Includes bibliographical references.</subfield>
      </datafield>
      <datafield tag="505" ind1="0" ind2="0">
         <subfield code="t">Akdeniz ve Yakın doğu'da yüzey araştırmalarının kısa bir tarihçesi ve yeni yaklaşımlar =</subfield>
         <subfield code="t">Regional survey in the Mediterranean and Near East : a brief history and review of current approaches /</subfield>
         <subfield code="r">Bintliff, John --</subfield>
         <subfield code="t">Lutgarde Vandeput'un açılış konuşması =</subfield>
         <subfield code="t">Opening remarks by Lutgarde Vandeput /</subfield>
         <subfield code="r">Vandeput, Lutgarde --</subfield>
         <subfield code="t">Kocasu Havzası paleolitiği (kuzeybatı Anadolu) =</subfield>
         <subfield code="t">The paleolithic of Kocasu Basin (NW Anatolia) /</subfield>
         <subfield code="r">Berkay Dinçer --</subfield>
         <subfield code="t">Güneydoğu Anadolu'da yeni çanak çömleksiz neolitik yerleşimler =</subfield>
         <subfield code="t">New pre-pottery neolithic settlements in southeast Anatolia /</subfield>
         <subfield code="r">Çelik, Bahattin --</subfield>
         <subfield code="t">Bursa öreği'nde nüfus dinamiği ve arazi kullanımı üzerine düşünceler =</subfield>
         <subfield code="t">On the demographical dynamics and land use in the early Bronze Age : a case study from Bursa/NW Anatolia /</subfield>
         <subfield code="r">Aksoy, Belgin --</subfield>
         <subfield code="t">M.Ö. III. binyılın sonunda batı ve iç Anadolu'da yıkımlar, terk etmeler, sosyal yapıda yeniden örgütlenme ve iklimsel değişim =</subfield>
         <subfield code="t">Destructions, abandonments, social reorganisation and climatic change in west and central Anatolia at the end of the third millennium BC /</subfield>
         <subfield code="r">Massa, Michele --</subfield>
         <subfield code="t">Klazomenai Khora'sında arazi kullanımı ve tarım potansiyeli =</subfield>
         <subfield code="t">Land use and agricultural potential in Klazomenian Khora /</subfield>
         <subfield code="r">Koparal, Elif --</subfield>
         <subfield code="t">Dağlık Kilikia bölgesinde (olba territoriumu) Özköy antik yerleşimi : tarımsal organizasyon ve yerleşim düzenlemesi =</subfield>
         <subfield code="t">The rural settlement of Özköy in rough Cilicia : agricultural organization and regional settlement patterns /</subfield>
         <subfield code="r">Mörel, Ahmet --</subfield>
         <subfield code="t">Çatalhöyük'te geç neolitik mimarisi : höyüğün ve bina inşasının teknik yönleri =</subfield>
         <subfield code="t">Late neolithic architecture of Çatalhöyük : the technical aspects of mound and building construction /</subfield>
         <subfield code="r">Barański, Marek Z. --</subfield>
      </datafield>
      <datafield tag="505" ind1="0" ind2="0">
         <subfield code="t">Hadrianoupolis çalışmalarının Paphlagonia arkeolojisine katkıları =</subfield>
         <subfield code="t">Contribution of excavations at Hadrianoupolis to the regional studies of Paphlagonia /</subfield>
         <subfield code="r">Cumalioğlu, Aslı --</subfield>
         <subfield code="r">Kan Şahin, Gülseren --</subfield>
         <subfield code="r">Patacı, Sami --</subfield>
         <subfield code="t">Chiliocomum, "bin köylü ova" Amasya'nın kuzey batısında hellenistik ve Roma dönemi yerleşim düzeninde meydana gelen değişiklikler =</subfield>
         <subfield code="t">Chiliocomum, the plain of a thousand villages : investigation of the rural settlements in NW of Amasya during the hellenistic and Roman periods by using GIS /</subfield>
         <subfield code="r">Kocabıyık, Coşku.</subfield>
      </datafield>
      <datafield tag="546" ind1=" " ind2=" ">
         <subfield code="a">Contributions in Turkish or English.</subfield>
      </datafield>
      <datafield tag="650" ind1=" " ind2="0">
         <subfield code="a">Archaeology</subfield>
         <subfield code="z">Turkey</subfield>
         <subfield code="v">Congresses.</subfield>
      </datafield>
      <datafield tag="651" ind1=" " ind2="0">
         <subfield code="a">Turkey</subfield>
         <subfield code="x">Antiquities</subfield>
         <subfield code="v">Congresses.</subfield>
      </datafield>
      <datafield tag="700" ind1="1" ind2=" ">
         <subfield code="a">Arikan Erciyas, D. Burcu.</subfield>
      </datafield>
      <datafield tag="700" ind1="1" ind2=" ">
         <subfield code="a">Sökmen, Emine.</subfield>
      </datafield>
      <datafield tag="830" ind1=" " ind2="0">
         <subfield code="a">Yerleşim arkeolojisi serisi.</subfield>
         <subfield code="p">Sempozyum bildirileri ;</subfield>
         <subfield code="v">4.</subfield>
      </datafield>
      <datafield tag="994" ind1=" " ind2=" ">
         <subfield code="a">Z0</subfield>
         <subfield code="b">ZYU</subfield>
      </datafield>
      <datafield tag="OWN" ind1=" " ind2=" ">
         <subfield code="a">GENERAL</subfield>
      </datafield>
      <datafield tag="AVA" ind1=" " ind2=" ">
         <subfield code="a">NYU50</subfield>
         <subfield code="b">NISAW</subfield>
         <subfield code="c">Large Collection</subfield>
         <subfield code="d">DR431 .A754 2011</subfield>
         <subfield code="e">available</subfield>
         <subfield code="t">Available</subfield>
         <subfield code="f">1</subfield>
         <subfield code="g">0</subfield>
         <subfield code="h">N</subfield>
         <subfield code="i">0</subfield>
         <subfield code="j">LARGE</subfield>
         <subfield code="k">0</subfield>
      </datafield>
      <marc:datafield tag="852" ind1=" " ind2=" ">
         <marc:subfield code="b">Institute for the Study of the Ancient World, </marc:subfield>
         <marc:subfield code="c">Large Collection</marc:subfield>
         <marc:subfield code="e">15 East 84th St., </marc:subfield>
         <marc:subfield code="e">New York, NY  10028</marc:subfield>
      </marc:datafield>
   </record>