
  
  
  
  
  
 
  
  <record xsi:schemaLocation="http://www.loc.gov/MARC21/slim http://www.loc.gov/standards/marcxml/schema/MARC21slim.xsd">
      <leader>00000cam  2200445 i 4500</leader>
      <controlfield tag="FMT">BK</controlfield>
      <controlfield tag="LDR">00000cam  2200445 i 4500</controlfield>
      <controlfield tag="001">004055548</controlfield>
      <controlfield tag="003">OCoLC</controlfield>
      <controlfield tag="005">20141103160622.0</controlfield>
      <controlfield tag="008">141103s2014    gw abde  b    100 0 ger d</controlfield>
      <datafield tag="020" ind1=" " ind2=" ">
         <subfield code="a">9783954900091 (hd.bd.)</subfield>
      </datafield>
      <datafield tag="020" ind1=" " ind2=" ">
         <subfield code="a">3954900092 (hd.bd.)</subfield>
      </datafield>
      <datafield tag="035" ind1=" " ind2=" ">
         <subfield code="a">(OCoLC)889706631</subfield>
      </datafield>
      <datafield tag="040" ind1=" " ind2=" ">
         <subfield code="a">OHX</subfield>
         <subfield code="b">eng</subfield>
         <subfield code="e">rda</subfield>
         <subfield code="c">OHX</subfield>
         <subfield code="d">OCLCO</subfield>
         <subfield code="d">BTCTA</subfield>
         <subfield code="d">JPG</subfield>
         <subfield code="d">COO</subfield>
         <subfield code="d">FDA</subfield>
         <subfield code="d">NNU</subfield>
      </datafield>
      <datafield tag="041" ind1="0" ind2=" ">
         <subfield code="a">ger</subfield>
         <subfield code="a">eng</subfield>
         <subfield code="a">fre</subfield>
         <subfield code="a">ita</subfield>
      </datafield>
      <datafield tag="043" ind1=" " ind2=" ">
         <subfield code="a">e-gr---</subfield>
      </datafield>
      <datafield tag="050" ind1=" " ind2="4">
         <subfield code="a">NB94</subfield>
         <subfield code="b">.P65 2014</subfield>
      </datafield>
      <datafield tag="072" ind1=" " ind2="7">
         <subfield code="a">NB</subfield>
         <subfield code="2">lcco</subfield>
      </datafield>
      <datafield tag="245" ind1="0" ind2="0">
         <subfield code="a">Polis und Porträt :</subfield>
         <subfield code="b">standbilder als Medien der öffentlichen Repräsentation im hellenistischen Osten /</subfield>
         <subfield code="c">Jochen Griesbach (Hg.).</subfield>
      </datafield>
      <datafield tag="264" ind1=" " ind2="1">
         <subfield code="a">Wiesbaden :</subfield>
         <subfield code="b">Dr. Ludwig Reichert Verlag Wiesbaden,</subfield>
         <subfield code="c">2014.</subfield>
      </datafield>
      <datafield tag="300" ind1=" " ind2=" ">
         <subfield code="a">187 pages, [2] pages of plates :</subfield>
         <subfield code="b">illustrations, maps, plans ;</subfield>
         <subfield code="c">33 cm.</subfield>
      </datafield>
      <datafield tag="336" ind1=" " ind2=" ">
         <subfield code="a">text</subfield>
         <subfield code="b">txt</subfield>
         <subfield code="2">rdacontent</subfield>
      </datafield>
      <datafield tag="337" ind1=" " ind2=" ">
         <subfield code="a">unmediated</subfield>
         <subfield code="b">n</subfield>
         <subfield code="2">rdamedia</subfield>
      </datafield>
      <datafield tag="338" ind1=" " ind2=" ">
         <subfield code="a">volume</subfield>
         <subfield code="b">nc</subfield>
         <subfield code="2">rdacarrier</subfield>
      </datafield>
      <datafield tag="490" ind1="1" ind2=" ">
         <subfield code="a">Studien zur antiken Stadt,</subfield>
         <subfield code="x">0947-2835 ;</subfield>
         <subfield code="v">13</subfield>
      </datafield>
      <datafield tag="500" ind1=" " ind2=" ">
         <subfield code="a">International conference proceedings.</subfield>
      </datafield>
      <datafield tag="500" ind1=" " ind2=" ">
         <subfield code="a">Academy publication.</subfield>
      </datafield>
      <datafield tag="546" ind1=" " ind2=" ">
         <subfield code="a">7 German, 2 English, 1 Italian, 2 French contributions.</subfield>
      </datafield>
      <datafield tag="504" ind1=" " ind2=" ">
         <subfield code="a">Includes bibliographical references.</subfield>
      </datafield>
      <datafield tag="505" ind1="0" ind2="0">
         <subfield code="t">Zur Einführung.</subfield>
         <subfield code="t">Porträts als Kommunikationsmittel in der hellenistischen Polis /</subfield>
         <subfield code="r">Griesbach, Jochen.</subfield>
         <subfield code="t">Räume für Ehre und Selbstdarstellung.</subfield>
         <subfield code="t">Les monuments votifs et honorifiques du sanctuaire d’Apollon à Délos : évolution topographique et typologique (314−69 av. J.-C.) /</subfield>
         <subfield code="r">Herbin, Frédéric --</subfield>
         <subfield code="t">Der topographische Kontext der Statuenaufstellung im Zeusheiligtum von Olympia in hellenistischer Zeit /</subfield>
         <subfield code="r">Leypold, Christina --</subfield>
         <subfield code="t">Ehrenstatuen im Athenaheiligtum von Pergamon /</subfield>
         <subfield code="r">Mathys, Marianne --</subfield>
         <subfield code="t">Les portraits honorifiques sur l’agora de Thasos (IVe siècle – Ier siècle apr. J.-C.) /</subfield>
         <subfield code="r">Biard, Guillaume --</subfield>
         <subfield code="t">The honorific practice of the "Agora of the Italians" in Delos /</subfield>
         <subfield code="r">Trümper, Monika.</subfield>
         <subfield code="t">Private vs. öffentliche Denkmäler?</subfield>
         <subfield code="t">Public spaces, private statues /</subfield>
         <subfield code="r">Ma, John --</subfield>
         <subfield code="t">Zwischen Zentrum und Zuhause : Zum Verhältnis von Öffentlichkeit und Privatsphäre anhand von "Ehrenstatuen" /</subfield>
         <subfield code="r">Griesbach, Jochen --</subfield>
         <subfield code="t">Individuum und Gott – Privatbildnisse in griechischen Tempeln /</subfield>
         <subfield code="r">Sporn, Katja.</subfield>
         <subfield code="t">Kommunikation sozialer Rollenbilder.</subfield>
         <subfield code="t">Zu den statuarischen Ehrungen hellenistischer Strategen /</subfield>
         <subfield code="r">Laube, Ingrid.</subfield>
         <subfield code="t">Porträts als Medien der Erinnerungskultur.</subfield>
         <subfield code="t">Ehrung Roms und Stolz auf die Polis : Zur Repräsentation römischer Magistrate auf der Akropolis von Athen /</subfield>
         <subfield code="r">Krumeich, Ralf --</subfield>
         <subfield code="t">Ritratto romano e memoria greca : il caso della c.d. scuola dei medici di Elea-Velia /</subfield>
         <subfield code="r">Galli, Marco.</subfield>
      </datafield>
      <datafield tag="650" ind1=" " ind2="0">
         <subfield code="a">Monuments</subfield>
         <subfield code="z">Greece</subfield>
         <subfield code="v">Congresses.</subfield>
      </datafield>
      <datafield tag="650" ind1=" " ind2="0">
         <subfield code="a">Sculpture, Hellenistic</subfield>
         <subfield code="v">Congresses.</subfield>
      </datafield>
      <datafield tag="650" ind1=" " ind2="0">
         <subfield code="a">Architecture, Hellenistic</subfield>
         <subfield code="v">Congresses.</subfield>
      </datafield>
      <datafield tag="700" ind1="1" ind2=" ">
         <subfield code="a">Griesbach, Jochen,</subfield>
         <subfield code="e">editor.</subfield>
      </datafield>
      <datafield tag="830" ind1=" " ind2="0">
         <subfield code="a">Studien zur antiken Stadt ;</subfield>
         <subfield code="v">13.</subfield>
      </datafield>
      <datafield tag="994" ind1=" " ind2=" ">
         <subfield code="a">Z0</subfield>
         <subfield code="b">ZYU</subfield>
      </datafield>
      <datafield tag="OWN" ind1=" " ind2=" ">
         <subfield code="a">GENERAL</subfield>
      </datafield>
      <datafield tag="AVA" ind1=" " ind2=" ">
         <subfield code="a">NYU50</subfield>
         <subfield code="b">NISAW</subfield>
         <subfield code="c">Oversize Collection</subfield>
         <subfield code="d">NB94 .P65 2014</subfield>
         <subfield code="e">available</subfield>
         <subfield code="t">Available</subfield>
         <subfield code="f">1</subfield>
         <subfield code="g">0</subfield>
         <subfield code="h">N</subfield>
         <subfield code="i">0</subfield>
         <subfield code="j">OVERZ</subfield>
         <subfield code="k">0</subfield>
      </datafield>
      <marc:datafield tag="852" ind1=" " ind2=" ">
         <marc:subfield code="b">Institute for the Study of the Ancient World, </marc:subfield>
         <marc:subfield code="c">Oversize Collection</marc:subfield>
         <marc:subfield code="e">15 East 84th St., </marc:subfield>
         <marc:subfield code="e">New York, NY  10028</marc:subfield>
      </marc:datafield>
   </record>