
  
  
  
  
  
 
  
  <record xsi:schemaLocation="http://www.loc.gov/MARC21/slim http://www.loc.gov/standards/marcxml/schema/MARC21slim.xsd">
      <leader>00000cam  2200409 a 4500</leader>
      <controlfield tag="FMT">BK</controlfield>
      <controlfield tag="LDR">00000cam  2200409 a 4500</controlfield>
      <controlfield tag="001">004055557</controlfield>
      <controlfield tag="003">OCoLC</controlfield>
      <controlfield tag="005">20141103162301.0</controlfield>
      <controlfield tag="008">141103s2005    fr ae  e b    100 0 fre d</controlfield>
      <datafield tag="020" ind1=" " ind2=" ">
         <subfield code="a">2910023575</subfield>
      </datafield>
      <datafield tag="020" ind1=" " ind2=" ">
         <subfield code="a">9782910023577</subfield>
      </datafield>
      <datafield tag="035" ind1=" " ind2=" ">
         <subfield code="a">(OCoLC)237297512</subfield>
      </datafield>
      <datafield tag="040" ind1=" " ind2=" ">
         <subfield code="a">MH</subfield>
         <subfield code="c">HLS</subfield>
         <subfield code="d">EYM</subfield>
         <subfield code="d">GEBAY</subfield>
         <subfield code="d">C3L</subfield>
         <subfield code="d">DDO</subfield>
         <subfield code="d">OCLCO</subfield>
         <subfield code="d">OCLCF</subfield>
         <subfield code="d">NNU</subfield>
      </datafield>
      <datafield tag="050" ind1=" " ind2="4">
         <subfield code="a">TJ840</subfield>
         <subfield code="b">.A68 2005</subfield>
      </datafield>
      <datafield tag="082" ind1="1" ind2="4">
         <subfield code="a">930</subfield>
         <subfield code="2">1</subfield>
      </datafield>
      <datafield tag="245" ind1="0" ind2="0">
         <subfield code="a">Aquam in altum exprimere :</subfield>
         <subfield code="b">les machines élévatrices d'eau dans l'antiquité : actes de la journée d'études tenue à Bordeaux le 13 mars 2003 /</subfield>
         <subfield code="c">sous la direction de Alain Bouet.</subfield>
      </datafield>
      <datafield tag="260" ind1=" " ind2=" ">
         <subfield code="a">Bordeaux :</subfield>
         <subfield code="b">Ausonius ;</subfield>
         <subfield code="a">Paris :</subfield>
         <subfield code="b">Diffusion de Boccard,</subfield>
         <subfield code="c">2005.</subfield>
      </datafield>
      <datafield tag="300" ind1=" " ind2=" ">
         <subfield code="a">169 p. :</subfield>
         <subfield code="b">ill., plans ;</subfield>
         <subfield code="c">23 cm.</subfield>
      </datafield>
      <datafield tag="490" ind1="1" ind2=" ">
         <subfield code="a">Scripta antiqua,</subfield>
         <subfield code="x">1298-1990 ;</subfield>
         <subfield code="v">12</subfield>
      </datafield>
      <datafield tag="504" ind1=" " ind2=" ">
         <subfield code="a">Includes bibliographical references.</subfield>
      </datafield>
      <datafield tag="505" ind1="0" ind2="0">
         <subfield code="t">Le point de la recherche sur les machines élévatrices d'eau /</subfield>
         <subfield code="r">Bouet, Alain --</subfield>
         <subfield code="t">La chaîne à godets des thermes de Barzan (charente-maritime) : une première approche /</subfield>
         <subfield code="r">Coadic, Sophie --</subfield>
         <subfield code="r">Bouiet, Alain --</subfield>
         <subfield code="t">Le puits antique des Augustines à Layrac (Lot-et-garonne) : présence d'une roue /</subfield>
         <subfield code="r">Fournier, Frances --</subfield>
         <subfield code="r">Jacques, Philippe --</subfield>
         <subfield code="t">Puiser, élever et distribuer l'eau dans la villa de Careiron et Pesquier à Milhaud (Gard) : premiers commentaires /</subfield>
         <subfield code="r">Conche, Frédéric --</subfield>
         <subfield code="r">Plassot, Eric --</subfield>
         <subfield code="r">Pellecuer, Christophe --</subfield>
         <subfield code="t">The technology of the 1st- and 2nd-century roman bucket chains from London : from excavation to reconstruction /</subfield>
         <subfield code="r">Blair, Ian --</subfield>
         <subfield code="r">Spain, Robert --</subfield>
         <subfield code="r">Taylor, Tony --</subfield>
         <subfield code="t">Una ruota idraulica da Ostia /</subfield>
         <subfield code="r">Bedello Tata, Margherita --</subfield>
         <subfield code="r">Fogagnolo, Stefania --</subfield>
         <subfield code="t">La pompe à pistons dans l'antiquité /</subfield>
         <subfield code="r">Fleury, Philippe --</subfield>
         <subfield code="t">La noria découverte à proximité de "l'oratoire A," dans le quartier épiscopal de Salone (mission archéologique franco-croate de Salone) /</subfield>
         <subfield code="r">Morvillez, Eric ... [et al.].</subfield>
      </datafield>
      <datafield tag="650" ind1=" " ind2="0">
         <subfield code="a">Hydraulic machinery</subfield>
         <subfield code="z">Rome</subfield>
         <subfield code="x">History</subfield>
         <subfield code="v">Congresses.</subfield>
      </datafield>
      <datafield tag="650" ind1=" " ind2="0">
         <subfield code="a">Pumping machinery</subfield>
         <subfield code="z">Rome</subfield>
         <subfield code="x">History</subfield>
         <subfield code="v">Congresses.</subfield>
      </datafield>
      <datafield tag="650" ind1=" " ind2="0">
         <subfield code="a">Mechanical engineering</subfield>
         <subfield code="z">Rome</subfield>
         <subfield code="x">History</subfield>
         <subfield code="v">Congresses.</subfield>
      </datafield>
      <datafield tag="651" ind1=" " ind2="0">
         <subfield code="a">Rome</subfield>
         <subfield code="x">Antiquities</subfield>
         <subfield code="v">Congresses.</subfield>
      </datafield>
      <datafield tag="650" ind1="0" ind2="7">
         <subfield code="a">Wasserhebewerk</subfield>
         <subfield code="2">swd</subfield>
      </datafield>
      <datafield tag="651" ind1=" " ind2="7">
         <subfield code="a">Römisches Reich</subfield>
         <subfield code="2">swd</subfield>
      </datafield>
      <datafield tag="650" ind1=" " ind2="7">
         <subfield code="a">Hydraulic machinery.</subfield>
         <subfield code="2">fast</subfield>
         <subfield code="0">(OCoLC)fst00964665</subfield>
      </datafield>
      <datafield tag="650" ind1=" " ind2="7">
         <subfield code="a">Pumping machinery.</subfield>
         <subfield code="2">fast</subfield>
         <subfield code="0">(OCoLC)fst01083985</subfield>
      </datafield>
      <datafield tag="655" ind1=" " ind2="7">
         <subfield code="a">Conference proceedings.</subfield>
         <subfield code="2">fast</subfield>
         <subfield code="0">(OCoLC)fst01423772</subfield>
      </datafield>
      <datafield tag="655" ind1=" " ind2="7">
         <subfield code="a">History.</subfield>
         <subfield code="2">fast</subfield>
         <subfield code="0">(OCoLC)fst01411628</subfield>
      </datafield>
      <datafield tag="700" ind1="1" ind2=" ">
         <subfield code="a">Bouet, Alain</subfield>
         <subfield code="e">editor.</subfield>
      </datafield>
      <datafield tag="776" ind1="0" ind2="8">
         <subfield code="i">Online version:</subfield>
         <subfield code="t">Aquam in altum exprimere.</subfield>
         <subfield code="d">Bordeaux : Ausonius ; Paris : Diffusion de Boccard, 2005</subfield>
         <subfield code="w">(OCoLC)607857239</subfield>
      </datafield>
      <datafield tag="830" ind1=" " ind2="0">
         <subfield code="a">Scripta antiqua ;</subfield>
         <subfield code="v">12.</subfield>
      </datafield>
      <datafield tag="994" ind1=" " ind2=" ">
         <subfield code="a">Z0</subfield>
         <subfield code="b">ZYU</subfield>
      </datafield>
      <datafield tag="OWN" ind1=" " ind2=" ">
         <subfield code="a">GENERAL</subfield>
      </datafield>
      <datafield tag="AVA" ind1=" " ind2=" ">
         <subfield code="a">NYU50</subfield>
         <subfield code="b">NISAW</subfield>
         <subfield code="c">Small Collection</subfield>
         <subfield code="d">TJ840 .A68 2005</subfield>
         <subfield code="e">available</subfield>
         <subfield code="t">Available</subfield>
         <subfield code="f">1</subfield>
         <subfield code="g">0</subfield>
         <subfield code="h">N</subfield>
         <subfield code="i">0</subfield>
         <subfield code="j">SMALL</subfield>
         <subfield code="k">0</subfield>
      </datafield>
      <marc:datafield tag="852" ind1=" " ind2=" ">
         <marc:subfield code="b">Institute for the Study of the Ancient World, </marc:subfield>
         <marc:subfield code="c">Small Collection</marc:subfield>
         <marc:subfield code="e">15 East 84th St., </marc:subfield>
         <marc:subfield code="e">New York, NY  10028</marc:subfield>
      </marc:datafield>
   </record>