
  
  
  
  
  
 
  
  <record xsi:schemaLocation="http://www.loc.gov/MARC21/slim http://www.loc.gov/standards/marcxml/schema/MARC21slim.xsd">
      <leader>00000cam  2200301 a 4500</leader>
      <controlfield tag="FMT">BK</controlfield>
      <controlfield tag="LDR">00000cam  2200301 a 4500</controlfield>
      <controlfield tag="001">004055418</controlfield>
      <controlfield tag="003">OCoLC</controlfield>
      <controlfield tag="005">20141103101556.0</controlfield>
      <controlfield tag="008">141103s2011    fr ae  g b    100 0 fre d</controlfield>
      <datafield tag="020" ind1=" " ind2=" ">
         <subfield code="a">9782356130471 (pbk.)</subfield>
      </datafield>
      <datafield tag="020" ind1=" " ind2=" ">
         <subfield code="a">2356130470 (pbk.)</subfield>
      </datafield>
      <datafield tag="035" ind1=" " ind2=" ">
         <subfield code="a">(OCoLC)778421890</subfield>
      </datafield>
      <datafield tag="040" ind1=" " ind2=" ">
         <subfield code="a">AUXAM</subfield>
         <subfield code="b">eng</subfield>
         <subfield code="c">AUXAM</subfield>
         <subfield code="d">OCLCQ</subfield>
         <subfield code="d">ERASP</subfield>
         <subfield code="d">OCLCQ</subfield>
         <subfield code="d">OCLCO</subfield>
         <subfield code="d">NNU</subfield>
      </datafield>
      <datafield tag="041" ind1="0" ind2=" ">
         <subfield code="a">fre</subfield>
         <subfield code="a">eng</subfield>
      </datafield>
      <datafield tag="043" ind1=" " ind2=" ">
         <subfield code="a">e-fr---</subfield>
         <subfield code="a">e------</subfield>
      </datafield>
      <datafield tag="050" ind1=" " ind2="4">
         <subfield code="a">CC79.I44</subfield>
         <subfield code="b">.C65 2010</subfield>
      </datafield>
      <datafield tag="111" ind1="2" ind2=" ">
         <subfield code="a">Colloque Arch-I-Tech</subfield>
         <subfield code="n">(1st :</subfield>
         <subfield code="d">2010 :</subfield>
         <subfield code="c">Cluny, France)</subfield>
      </datafield>
      <datafield tag="245" ind1="1" ind2="0">
         <subfield code="a">Arch-I-Tech 2010 :</subfield>
         <subfield code="b">[actes du colloque Cluny (France), 17-18-19 novembre 2010] /</subfield>
         <subfield code="c">[éditeurs scientifiques, Christian Père, Julette Rollier ; directeur de la publication Arch-I-Tech, Christian Père].</subfield>
      </datafield>
      <datafield tag="260" ind1=" " ind2=" ">
         <subfield code="a">[Pessac] :</subfield>
         <subfield code="b">Ausonius,</subfield>
         <subfield code="c">2011.</subfield>
      </datafield>
      <datafield tag="300" ind1=" " ind2=" ">
         <subfield code="a">231 pages :</subfield>
         <subfield code="b">col. ill., plans ;</subfield>
         <subfield code="c">28 cm.</subfield>
      </datafield>
      <datafield tag="336" ind1=" " ind2=" ">
         <subfield code="a">text</subfield>
         <subfield code="b">txt</subfield>
         <subfield code="2">rdacontent</subfield>
      </datafield>
      <datafield tag="337" ind1=" " ind2=" ">
         <subfield code="a">unmediated</subfield>
         <subfield code="b">n</subfield>
         <subfield code="2">rdamedia</subfield>
      </datafield>
      <datafield tag="338" ind1=" " ind2=" ">
         <subfield code="a">volume</subfield>
         <subfield code="b">nc</subfield>
         <subfield code="2">rdacarrier</subfield>
      </datafield>
      <datafield tag="490" ind1="1" ind2=" ">
         <subfield code="a">Archéovision ;</subfield>
         <subfield code="v">5</subfield>
      </datafield>
      <datafield tag="500" ind1=" " ind2=" ">
         <subfield code="a">Proceedings of a conference held from November 17-19 at the Abbey St. Peter-and-St.-Paul, Cluny.</subfield>
      </datafield>
      <datafield tag="504" ind1=" " ind2=" ">
         <subfield code="a">Includes bibliographical references.</subfield>
      </datafield>
      <datafield tag="505" ind1="0" ind2="0">
         <subfield code="t">De l’usage de la 3D en archéologie /</subfield>
         <subfield code="r">Vergnieux, R. --</subfield>
         <subfield code="t">La Rome antique du ive siècle p.C. : de la maquette de Paul Bigot à la restitution virtuelle de la ville /</subfield>
         <subfield code="r">Madeleine, S. --</subfield>
         <subfield code="r">Fleury, Ph. --</subfield>
         <subfield code="t">Abbaye et prieuré de Romainmôtier (Suisse, canton de Vaud) : la reconstitution de son patrimoine bâti de plus de mille ans /</subfield>
         <subfield code="r">Eggenberger, P. --</subfield>
         <subfield code="r">Sanchez, J.-M. --</subfield>
         <subfield code="t">Prospection géophysique et archéologie religieuse : méthodologie et résultats récents /</subfield>
         <subfield code="r">Bully, S. --</subfield>
         <subfield code="r">Camerlynck, Chr. --</subfield>
         <subfield code="r">Sapin, Chr. --</subfield>
         <subfield code="t">Modéliser pour percevoir le disparu : l’église Sainte-Marie de Savigny (Xe -XXIe siècles) /</subfield>
         <subfield code="r">Puel, O. --</subfield>
         <subfield code="t">Le chevet de Cluny II : de l’archéologie à la 3D /</subfield>
         <subfield code="r">Schotte, G. --</subfield>
         <subfield code="r">Sapin, Chr. --</subfield>
         <subfield code="t">Le bâtiment gothique relevé par laser : le cas de la cathédrale Notre-Dame de Noyon et la question de son contrebutement : première approche /</subfield>
         <subfield code="r">Tallon, A. --</subfield>
         <subfield code="r">Timbert, A. --</subfield>
         <subfield code="t">Le relevé des sculptures avec des techniques laser : un outil de connaissance entre la reconstruction virtuelle et la rigueur scientifique /</subfield>
         <subfield code="r">Baratin, L. --</subfield>
         <subfield code="t">Restitution de la Maior Ecclesia du XIIe au XVe siècle /</subfield>
         <subfield code="r">Père, Chr. --</subfield>
         <subfield code="r">Baud, A. --</subfield>
         <subfield code="t">Géométrie et modules de construction à l’époque romaine : de Constantinople à Berzé-la-Ville /</subfield>
         <subfield code="r">Rollier-Hanselmann, J. --</subfield>
         <subfield code="r">Lemeunier, G. --</subfield>
         <subfield code="t">De l’acquisition 3D à la réalité augmentée : le cas de l’église de la Chartreuse pontificale de Villeneuve-lès-Avignon (Gard) /</subfield>
         <subfield code="r">Favre-Brun, A. --</subfield>
         <subfield code="r">de Luca, L. --</subfield>
         <subfield code="r">Florenzano, M. --</subfield>
         <subfield code="t">La photogrammétrie appliquée à la restitution virtuelle des peintures murales de la chapelle de l’ancien logis abbatial de Moissac (XIIe s., France) /</subfield>
         <subfield code="r">Mounier, A. --</subfield>
         <subfield code="r">Floréal, D. --</subfield>
         <subfield code="r">Mora, P. --</subfield>
         <subfield code="t">Numérisation 3D du patrimoine architectural : vers les médias sémantiques /</subfield>
         <subfield code="r">de Luca, L. --</subfield>
         <subfield code="t">Les moulins de l’abbaye de Cluny et le paléoenvironnement /</subfield>
         <subfield code="r">Rollier, G. --</subfield>
         <subfield code="r">Girardclos, O. --</subfield>
         <subfield code="r">Mille, P. --</subfield>
      </datafield>
      <datafield tag="505" ind1="0" ind2="0">
         <subfield code="t">La clepsydre et la groma. Vers une plateforme collaborative et ouverte pour l’histoire et l’archéologie des paysages clunisois /</subfield>
         <subfield code="r">Coulais, J.-Fr. --</subfield>
         <subfield code="t">“Reconstructing the building process of Saint-Gilles-du-Gard Abbey” : 3D modelling as an instrument for archaeological analysis of historic architecture /</subfield>
         <subfield code="r">Echtenacher, G. --</subfield>
         <subfield code="r">Hansen, H. --</subfield>
         <subfield code="r">Hartmann-Virnich, A. --</subfield>
         <subfield code="t">Vézelay : sketch plans by K. Conant and 3D modeling as a research tool /</subfield>
         <subfield code="r">Darling, M. Tokita --</subfield>
         <subfield code="r">Darling, M. Naomi --</subfield>
         <subfield code="t">La rose médiévale de la cathédrale de Poitiers et les roses gothiques du XIIIe siècle en France /</subfield>
         <subfield code="r">Schlicht, M. --</subfield>
         <subfield code="t">La 3D, instrument d’investigation archéologique /</subfield>
         <subfield code="r">Reveyron, N. --</subfield>
         <subfield code="t">Apport de la modification tridimensionnelle à l’analyse des sites de stratifications complexes à travers l’exemple des tombes multiples de la catacombe des Saints Pierre et Marcellin /</subfield>
         <subfield code="r">Sachau-Carcel, G. --</subfield>
         <subfield code="r">Castex, D. --</subfield>
         <subfield code="t">Une approche de modélisation basée sur l’iconographie spatio-temporelle du patrimoine architectural /</subfield>
         <subfield code="r">Stefani, Ch. [and 5 others].</subfield>
      </datafield>
      <datafield tag="650" ind1=" " ind2="0">
         <subfield code="a">Three-dimensional imaging in archaeology</subfield>
         <subfield code="v">Congresses.</subfield>
      </datafield>
      <datafield tag="650" ind1=" " ind2="0">
         <subfield code="a">Church architecture</subfield>
         <subfield code="z">France</subfield>
         <subfield code="x">History</subfield>
         <subfield code="v">Congresses.</subfield>
      </datafield>
      <datafield tag="650" ind1=" " ind2="0">
         <subfield code="a">Excavations (Archaeology)</subfield>
         <subfield code="x">Computer simulation</subfield>
         <subfield code="v">Congresses.</subfield>
      </datafield>
      <datafield tag="650" ind1=" " ind2="0">
         <subfield code="a">Archaeology</subfield>
         <subfield code="x">Computer simulation</subfield>
         <subfield code="v">Congresses.</subfield>
      </datafield>
      <datafield tag="650" ind1=" " ind2="0">
         <subfield code="a">Architectural surveys</subfield>
         <subfield code="v">Congresses.</subfield>
      </datafield>
      <datafield tag="700" ind1="1" ind2=" ">
         <subfield code="a">Père, Christian,</subfield>
         <subfield code="e">editor.</subfield>
      </datafield>
      <datafield tag="700" ind1="1" ind2=" ">
         <subfield code="a">Rollier, Juliette,</subfield>
         <subfield code="e">editor.</subfield>
      </datafield>
      <datafield tag="830" ind1=" " ind2="0">
         <subfield code="a">Archéovision ;</subfield>
         <subfield code="v">5.</subfield>
      </datafield>
      <datafield tag="994" ind1=" " ind2=" ">
         <subfield code="a">Z0</subfield>
         <subfield code="b">ZYU</subfield>
      </datafield>
      <datafield tag="OWN" ind1=" " ind2=" ">
         <subfield code="a">GENERAL</subfield>
      </datafield>
      <datafield tag="AVA" ind1=" " ind2=" ">
         <subfield code="a">NYU50</subfield>
         <subfield code="b">NISAW</subfield>
         <subfield code="c">Large Collection</subfield>
         <subfield code="d">CC79.I44 .C655 2010</subfield>
         <subfield code="e">available</subfield>
         <subfield code="t">Available</subfield>
         <subfield code="f">1</subfield>
         <subfield code="g">0</subfield>
         <subfield code="h">N</subfield>
         <subfield code="i">0</subfield>
         <subfield code="j">LARGE</subfield>
         <subfield code="k">0</subfield>
      </datafield>
      <marc:datafield tag="852" ind1=" " ind2=" ">
         <marc:subfield code="b">Institute for the Study of the Ancient World, </marc:subfield>
         <marc:subfield code="c">Large Collection</marc:subfield>
         <marc:subfield code="e">15 East 84th St., </marc:subfield>
         <marc:subfield code="e">New York, NY  10028</marc:subfield>
      </marc:datafield>
   </record>