
  
  
  
  
 
  
  <record xsi:schemaLocation="http://www.loc.gov/MARC21/slim http://www.loc.gov/standards/marcxml/schema/MARC21slim.xsd">
      <leader>00000cam  2200757 i 4500</leader>
      <controlfield tag="FMT">BK</controlfield>
      <controlfield tag="LDR">00000cam  2200757 i 4500</controlfield>
      <controlfield tag="001">004055422</controlfield>
      <controlfield tag="003">OCoLC</controlfield>
      <controlfield tag="005">20141103103006.0</controlfield>
      <controlfield tag="008">141103s2014    ne ab    b    001 0deng</controlfield>
      <datafield tag="010" ind1=" " ind2=" ">
         <subfield code="a">2013040379</subfield>
      </datafield>
      <datafield tag="015" ind1=" " ind2=" ">
         <subfield code="a">GBB406657</subfield>
         <subfield code="2">bnb</subfield>
      </datafield>
      <datafield tag="016" ind1="7" ind2=" ">
         <subfield code="a">016604292</subfield>
         <subfield code="2">Uk</subfield>
      </datafield>
      <datafield tag="020" ind1=" " ind2=" ">
         <subfield code="a">9789004265615 (hardback : alk. paper)</subfield>
      </datafield>
      <datafield tag="020" ind1=" " ind2=" ">
         <subfield code="a">9004265619 (hardback : alk. paper)</subfield>
      </datafield>
      <datafield tag="020" ind1=" " ind2=" ">
         <subfield code="z">9789004265622 (e-book)</subfield>
      </datafield>
      <datafield tag="020" ind1=" " ind2=" ">
         <subfield code="a">9004265627 (e-book)</subfield>
      </datafield>
      <datafield tag="020" ind1=" " ind2=" ">
         <subfield code="a">9789004265622 (e-book)</subfield>
      </datafield>
      <datafield tag="035" ind1=" " ind2=" ">
         <subfield code="a">(OCoLC)864366333</subfield>
         <subfield code="z">(OCoLC)868380779</subfield>
      </datafield>
      <datafield tag="040" ind1=" " ind2=" ">
         <subfield code="a">DLC</subfield>
         <subfield code="b">eng</subfield>
         <subfield code="e">rda</subfield>
         <subfield code="c">DLC</subfield>
         <subfield code="d">YDXCP</subfield>
         <subfield code="d">BTCTA</subfield>
         <subfield code="d">CDX</subfield>
         <subfield code="d">CFT</subfield>
         <subfield code="d">ERASA</subfield>
         <subfield code="d">OHX</subfield>
         <subfield code="d">ATSHR</subfield>
         <subfield code="d">CGU</subfield>
         <subfield code="d">UKMGB</subfield>
         <subfield code="d">OCLCO</subfield>
         <subfield code="d">OCLCF</subfield>
         <subfield code="d">OCLCO</subfield>
         <subfield code="d">CHVBK</subfield>
         <subfield code="d">NNU</subfield>
      </datafield>
      <datafield tag="042" ind1=" " ind2=" ">
         <subfield code="a">pcc</subfield>
      </datafield>
      <datafield tag="043" ind1=" " ind2=" ">
         <subfield code="a">a-is---</subfield>
         <subfield code="a">a-iq---</subfield>
      </datafield>
      <datafield tag="050" ind1="0" ind2="0">
         <subfield code="a">DS73.83</subfield>
         <subfield code="b">.S45 2014</subfield>
      </datafield>
      <datafield tag="072" ind1=" " ind2="7">
         <subfield code="a">BS</subfield>
         <subfield code="2">lcco</subfield>
      </datafield>
      <datafield tag="072" ind1=" " ind2="7">
         <subfield code="a">BM</subfield>
         <subfield code="2">lcco</subfield>
      </datafield>
      <datafield tag="082" ind1="0" ind2="0">
         <subfield code="a">933/.03</subfield>
         <subfield code="2">23</subfield>
      </datafield>
      <datafield tag="245" ind1="0" ind2="0">
         <subfield code="a">Sennacherib at the gates of Jerusalem :</subfield>
         <subfield code="b">story, history and historiography /</subfield>
         <subfield code="c">edited by Isaac Kalimi and Seth Richardson.</subfield>
      </datafield>
      <datafield tag="264" ind1=" " ind2="1">
         <subfield code="a">Leiden ;</subfield>
         <subfield code="a">Boston :</subfield>
         <subfield code="b">Brill,</subfield>
         <subfield code="c">2014.</subfield>
      </datafield>
      <datafield tag="300" ind1=" " ind2=" ">
         <subfield code="a">xii, 548 pages :</subfield>
         <subfield code="b">illustrations, map ;</subfield>
         <subfield code="c">25 cm.</subfield>
      </datafield>
      <datafield tag="336" ind1=" " ind2=" ">
         <subfield code="a">text</subfield>
         <subfield code="2">rdacontent</subfield>
      </datafield>
      <datafield tag="337" ind1=" " ind2=" ">
         <subfield code="a">unmediated</subfield>
         <subfield code="2">rdamedia</subfield>
      </datafield>
      <datafield tag="338" ind1=" " ind2=" ">
         <subfield code="a">volume</subfield>
         <subfield code="2">rdacarrier</subfield>
      </datafield>
      <datafield tag="490" ind1="1" ind2=" ">
         <subfield code="a">Culture and history of the ancient Near East ;</subfield>
         <subfield code="v">volume 71</subfield>
      </datafield>
      <datafield tag="504" ind1=" " ind2=" ">
         <subfield code="a">Includes bibliographical references and indexes.</subfield>
      </datafield>
      <datafield tag="505" ind1="0" ind2="0">
         <subfield code="t">Sennacherib at the gates of Jerusalem : story, history and historiography : an introduction /</subfield>
         <subfield code="r">Kalimi, Issac --</subfield>
         <subfield code="r">Richardson, Seth.</subfield>
         <subfield code="g">Part 1.</subfield>
         <subfield code="t">I will defend this city to save it.</subfield>
         <subfield code="t">Sennacherib’s campaign to Judah : the Chronicler’s view compared with his “biblical” sources /</subfield>
         <subfield code="r">Kalimi, Isaac --</subfield>
         <subfield code="t">Cross-examining the Assyrian witnesses to Sennacherib’s third campaign : assessing the limits of historical reconstruction /</subfield>
         <subfield code="r">Cogan, Mordechai --</subfield>
         <subfield code="t">Sennacherib’s campaign to Judah : the archaeological perspective with an emphasis on Lachish and Jerusalem /</subfield>
         <subfield code="r">Ussishkin, David --</subfield>
         <subfield code="t">Beyond the broken reed : Kushite intervention and the limits of l’histoire événementielle /</subfield>
         <subfield code="r">Pope, Jeremy.</subfield>
         <subfield code="g">Part 2.</subfield>
         <subfield code="t">The eeapon of Aššur.</subfield>
         <subfield code="t">Family matters : psychohistorical reflections on Sennacherib and his times --</subfield>
         <subfield code="r">Frahm, Eckart --</subfield>
         <subfield code="t">The road to Judah : 701 B.C.E. in the context of Sennacherib’s political-military strategy /</subfield>
         <subfield code="r">Fales, Frederick Mario --</subfield>
         <subfield code="t">Sennacherib’s invasion of the Levant through the eyes of Assyrian intelligence services /</subfield>
         <subfield code="r">Dubovský, Peter.</subfield>
         <subfield code="g">Part 3.</subfield>
         <subfield code="t">After life.</subfield>
         <subfield code="t">Memories of Sennacherib in Aramaic tradition /</subfield>
         <subfield code="r">Holm, Tawny L. --</subfield>
         <subfield code="t">Sennacherib’s campaign and its reception in the time of the Second Temple /</subfield>
         <subfield code="r">Oegema, Gerbern S. --</subfield>
         <subfield code="t">Sennacherib in Midrashic and related literature : inscribing history in Midrash /</subfield>
         <subfield code="r">Ulmer, Rivka --</subfield>
         <subfield code="t">The devil in person, the devil in disguise : looking for King Sennacherib in early Christian literature /</subfield>
         <subfield code="r">Verheyden, Christian --</subfield>
         <subfield code="t">The first “world event” : Sennacherib at Jerusalem /</subfield>
         <subfield code="r">Richardson, Seth.</subfield>
      </datafield>
      <datafield tag="600" ind1="0" ind2="0">
         <subfield code="a">Sennacherib,</subfield>
         <subfield code="c">King of Assyria,</subfield>
         <subfield code="d">-681 B.C.</subfield>
      </datafield>
      <datafield tag="651" ind1=" " ind2="0">
         <subfield code="a">Jerusalem</subfield>
         <subfield code="x">History</subfield>
         <subfield code="y">Siege, 701 B.C.</subfield>
      </datafield>
      <datafield tag="600" ind1="0" ind2="7">
         <subfield code="a">Sennacherib,</subfield>
         <subfield code="c">King of Assyria,</subfield>
         <subfield code="d">-681 B.C.</subfield>
         <subfield code="2">fast</subfield>
         <subfield code="0">(OCoLC)fst01846783</subfield>
      </datafield>
      <datafield tag="611" ind1="2" ind2="7">
         <subfield code="a">Siege of Jerusalem (701 B.C.)</subfield>
         <subfield code="2">fast</subfield>
         <subfield code="0">(OCoLC)fst01354821</subfield>
      </datafield>
      <datafield tag="651" ind1=" " ind2="7">
         <subfield code="a">Middle East</subfield>
         <subfield code="z">Jerusalem.</subfield>
         <subfield code="2">fast</subfield>
         <subfield code="0">(OCoLC)fst01216276</subfield>
      </datafield>
      <datafield tag="600" ind1="0" ind2="7">
         <subfield code="a">Sanherib</subfield>
         <subfield code="c">Assyrien, König,</subfield>
         <subfield code="d">v745-v680.</subfield>
         <subfield code="0">(DE-588)118642189</subfield>
         <subfield code="2">gnd</subfield>
      </datafield>
      <datafield tag="650" ind1=" " ind2="7">
         <subfield code="a">Belagerung.</subfield>
         <subfield code="0">(DE-588)4125327-9</subfield>
         <subfield code="2">gnd</subfield>
      </datafield>
      <datafield tag="651" ind1=" " ind2="7">
         <subfield code="a">Jerusalem.</subfield>
         <subfield code="0">(DE-588)4028586-8</subfield>
         <subfield code="2">gnd</subfield>
      </datafield>
      <datafield tag="648" ind1=" " ind2="7">
         <subfield code="a">701 - 701 B.C.</subfield>
         <subfield code="2">fast</subfield>
      </datafield>
      <datafield tag="655" ind1=" " ind2="7">
         <subfield code="a">History.</subfield>
         <subfield code="2">fast</subfield>
         <subfield code="0">(OCoLC)fst01411628</subfield>
      </datafield>
      <datafield tag="700" ind1="1" ind2=" ">
         <subfield code="a">Kalimi, Isaac</subfield>
         <subfield code="e">editor.</subfield>
      </datafield>
      <datafield tag="700" ind1="1" ind2=" ">
         <subfield code="a">Richardson, Seth Francis Corning,</subfield>
         <subfield code="d">1968-</subfield>
         <subfield code="e">editor.</subfield>
      </datafield>
      <datafield tag="830" ind1=" " ind2="0">
         <subfield code="a">Culture and history of the ancient Near East ;</subfield>
         <subfield code="v">v. 71.</subfield>
      </datafield>
      <datafield tag="994" ind1=" " ind2=" ">
         <subfield code="a">Z0</subfield>
         <subfield code="b">ZYU</subfield>
      </datafield>
      <datafield tag="OWN" ind1=" " ind2=" ">
         <subfield code="a">GENERAL</subfield>
      </datafield>
      <datafield tag="AVA" ind1=" " ind2=" ">
         <subfield code="a">NYU50</subfield>
         <subfield code="b">NISAW</subfield>
         <subfield code="c">Small Collection</subfield>
         <subfield code="d">DS73.83 .S45 2014</subfield>
         <subfield code="e">available</subfield>
         <subfield code="t">Available</subfield>
         <subfield code="f">1</subfield>
         <subfield code="g">0</subfield>
         <subfield code="h">N</subfield>
         <subfield code="i">0</subfield>
         <subfield code="j">SMALL</subfield>
         <subfield code="k">0</subfield>
      </datafield>
      <marc:datafield tag="852" ind1=" " ind2=" ">
         <marc:subfield code="b">Institute for the Study of the Ancient World, </marc:subfield>
         <marc:subfield code="c">Small Collection</marc:subfield>
         <marc:subfield code="e">15 East 84th St., </marc:subfield>
         <marc:subfield code="e">New York, NY  10028</marc:subfield>
      </marc:datafield>
   </record>