
  
  
  
  
  
  
 
  
  <record xsi:schemaLocation="http://www.loc.gov/MARC21/slim http://www.loc.gov/standards/marcxml/schema/MARC21slim.xsd">
      <leader>00000cam  2200529 a 4500</leader>
      <controlfield tag="FMT">BK</controlfield>
      <controlfield tag="LDR">00000cam  2200529 a 4500</controlfield>
      <controlfield tag="001">004055751</controlfield>
      <controlfield tag="003">OCoLC</controlfield>
      <controlfield tag="005">20141104102755.0</controlfield>
      <controlfield tag="008">141104s2005    fr abe   b    101 0 fre c</controlfield>
      <datafield tag="020" ind1=" " ind2=" ">
         <subfield code="a">2910023664</subfield>
      </datafield>
      <datafield tag="020" ind1=" " ind2=" ">
         <subfield code="a">9782910023669</subfield>
      </datafield>
      <datafield tag="035" ind1=" " ind2=" ">
         <subfield code="a">(OCoLC)63121813</subfield>
      </datafield>
      <datafield tag="040" ind1=" " ind2=" ">
         <subfield code="a">TZT</subfield>
         <subfield code="b">eng</subfield>
         <subfield code="c">TZT</subfield>
         <subfield code="d">CGU</subfield>
         <subfield code="d">LVB</subfield>
         <subfield code="d">PUL</subfield>
         <subfield code="d">OCLCQ</subfield>
         <subfield code="d">NNU</subfield>
      </datafield>
      <datafield tag="042" ind1=" " ind2=" ">
         <subfield code="a">pcc</subfield>
      </datafield>
      <datafield tag="050" ind1=" " ind2="4">
         <subfield code="a">BR65.A9</subfield>
         <subfield code="b">S345 2005</subfield>
      </datafield>
      <datafield tag="072" ind1=" " ind2="7">
         <subfield code="a">BR</subfield>
         <subfield code="2">lcco</subfield>
      </datafield>
      <datafield tag="082" ind1="1" ind2="4">
         <subfield code="a">276</subfield>
         <subfield code="2">1</subfield>
      </datafield>
      <datafield tag="245" ind1="0" ind2="0">
         <subfield code="a">Saint Augustin, la Numidie et la société de son temps :</subfield>
         <subfield code="b">actes du colloque Sempam-Ausonius, Bordeaux, 10-11 octobre 2003 /</subfield>
         <subfield code="c">textes réunis par Serge Lancel ; avec la collaboration de Stéphanie Guédon et Louis Maurin.</subfield>
      </datafield>
      <datafield tag="260" ind1=" " ind2=" ">
         <subfield code="a">Pessac :</subfield>
         <subfield code="b">Ausonius,</subfield>
         <subfield code="c">2005.</subfield>
      </datafield>
      <datafield tag="300" ind1=" " ind2=" ">
         <subfield code="a">182 pages :</subfield>
         <subfield code="b">illustrations, maps, plans ;</subfield>
         <subfield code="c">23 cm.</subfield>
      </datafield>
      <datafield tag="336" ind1=" " ind2=" ">
         <subfield code="a">text</subfield>
         <subfield code="b">txt</subfield>
         <subfield code="2">rdacontent</subfield>
      </datafield>
      <datafield tag="337" ind1=" " ind2=" ">
         <subfield code="a">unmediated</subfield>
         <subfield code="b">n</subfield>
         <subfield code="2">rdamedia</subfield>
      </datafield>
      <datafield tag="338" ind1=" " ind2=" ">
         <subfield code="a">volume</subfield>
         <subfield code="b">nc</subfield>
         <subfield code="2">rdacarrier</subfield>
      </datafield>
      <datafield tag="490" ind1="1" ind2=" ">
         <subfield code="a">Scripta antiqua,</subfield>
         <subfield code="x">1298-1990 ;</subfield>
         <subfield code="v">14</subfield>
      </datafield>
      <datafield tag="505" ind1="0" ind2="0">
         <subfield code="t">Saint Augustin : le raccourci d'une vie /</subfield>
         <subfield code="r">Lancel, Serge --</subfield>
         <subfield code="t">L'Afrique et sa diversité vues par saint Augustin /</subfield>
         <subfield code="r">Lepelley, Claude --</subfield>
         <subfield code="t">Augustin et la société feminine de son temps /</subfield>
         <subfield code="r">Lancel, Serge --</subfield>
         <subfield code="t">La réalité de l'implantation monumentale chrétienne au temps d'Augustin : l'exemple de quleques cités de Numidie /</subfield>
         <subfield code="r">Caillet, Jean-Pierre --</subfield>
         <subfield code="t">Aspects du culte dans les églises de Numidie au temps d'Augustin : un état de la question /</subfield>
         <subfield code="r">Michel, Anne --</subfield>
         <subfield code="t">Saint Augustin en visite pastorale dans les campagnes d'Hippone /</subfield>
         <subfield code="r">Ferdi, Sarah --</subfield>
         <subfield code="t">Pouvoir des signes et liturgie dans l'Epistula 55 de saint Augustin /</subfield>
         <subfield code="r">Bouton-Touboulic, Anne-Isabelle --</subfield>
         <subfield code="t">La théologie du miracle dans la Cité de Dieu et le témoignage du De miraculis sancti Stephani /</subfield>
         <subfield code="r">Fraïsse, Anne --</subfield>
         <subfield code="t">Le vol des poires et les effets de miroir dans Les confessions de saint Augustin /</subfield>
         <subfield code="r">Cambronne, Patrice --</subfield>
         <subfield code="t">La sculpture Numidie à la fin de l'antiquité /</subfield>
         <subfield code="r">Baratte, François.</subfield>
      </datafield>
      <datafield tag="600" ind1="0" ind2="0">
         <subfield code="a">Augustine,</subfield>
         <subfield code="c">Saint, Bishop of Hippo</subfield>
         <subfield code="v">Congresses.</subfield>
      </datafield>
      <datafield tag="651" ind1=" " ind2="0">
         <subfield code="a">Numidia</subfield>
         <subfield code="x">Antiquities, Roman</subfield>
         <subfield code="v">Congresses.</subfield>
      </datafield>
      <datafield tag="651" ind1=" " ind2="0">
         <subfield code="a">Numidia</subfield>
         <subfield code="x">Church history</subfield>
         <subfield code="v">Congresses.</subfield>
      </datafield>
      <datafield tag="600" ind1="0" ind2="6">
         <subfield code="a">Augustin,</subfield>
         <subfield code="c">saint, évêque d'Hippone</subfield>
         <subfield code="v">Congrès.</subfield>
      </datafield>
      <datafield tag="651" ind1=" " ind2="6">
         <subfield code="a">Numidie</subfield>
         <subfield code="x">Antiquités romaines</subfield>
         <subfield code="v">Congrès.</subfield>
      </datafield>
      <datafield tag="651" ind1=" " ind2="6">
         <subfield code="a">Numidie</subfield>
         <subfield code="x">Histoire religieuse</subfield>
         <subfield code="v">Congrès.</subfield>
      </datafield>
      <datafield tag="653" ind1=" " ind2=" ">
         <subfield code="a">Ancient history</subfield>
         <subfield code="a">Numidia</subfield>
         <subfield code="a">Early christian history</subfield>
      </datafield>
      <datafield tag="700" ind1="1" ind2=" ">
         <subfield code="a">Lancel, Serge</subfield>
         <subfield code="e">editor.</subfield>
      </datafield>
      <datafield tag="776" ind1="0" ind2="8">
         <subfield code="i">Online version:</subfield>
         <subfield code="t">Saint Augustin, la Numidie et la société de son temps.</subfield>
         <subfield code="d">Pessac : Ausonius, 2005</subfield>
         <subfield code="w">(OCoLC)607645467</subfield>
      </datafield>
      <datafield tag="776" ind1="0" ind2="8">
         <subfield code="i">Online version:</subfield>
         <subfield code="t">Saint Augustin, la Numidie et la société de son temps.</subfield>
         <subfield code="d">Pessac : Ausonius, 2005</subfield>
         <subfield code="w">(OCoLC)607860247</subfield>
      </datafield>
      <datafield tag="830" ind1=" " ind2="0">
         <subfield code="a">Scripta antiqua ;</subfield>
         <subfield code="v">14.</subfield>
         <subfield code="x">1298-1990</subfield>
      </datafield>
      <datafield tag="856" ind1="4" ind2="2">
         <subfield code="3">Notice et cote du catalogue de la Bibliothèque nationale de France</subfield>
         <subfield code="u">http://catalogue.bnf.fr/ark:/12148/cb400996036</subfield>
      </datafield>
      <datafield tag="994" ind1=" " ind2=" ">
         <subfield code="a">Z0</subfield>
         <subfield code="b">ZYU</subfield>
      </datafield>
      <datafield tag="OWN" ind1=" " ind2=" ">
         <subfield code="a">GENERAL</subfield>
      </datafield>
      <datafield tag="AVA" ind1=" " ind2=" ">
         <subfield code="a">NYU50</subfield>
         <subfield code="b">NISAW</subfield>
         <subfield code="c">Small Collection</subfield>
         <subfield code="d">BR65.A9 S345 2005</subfield>
         <subfield code="e">available</subfield>
         <subfield code="t">Available</subfield>
         <subfield code="f">1</subfield>
         <subfield code="g">0</subfield>
         <subfield code="h">N</subfield>
         <subfield code="i">0</subfield>
         <subfield code="j">SMALL</subfield>
         <subfield code="k">0</subfield>
      </datafield>
      <marc:datafield tag="852" ind1=" " ind2=" ">
         <marc:subfield code="b">Institute for the Study of the Ancient World, </marc:subfield>
         <marc:subfield code="c">Small Collection</marc:subfield>
         <marc:subfield code="e">15 East 84th St., </marc:subfield>
         <marc:subfield code="e">New York, NY  10028</marc:subfield>
      </marc:datafield>
   </record>