
  
  
  
  
  
 
  
  <record xsi:schemaLocation="http://www.loc.gov/MARC21/slim http://www.loc.gov/standards/marcxml/schema/MARC21slim.xsd">
      <leader>00000cas  2200709 a 4500</leader>
      <controlfield tag="FMT">SE</controlfield>
      <controlfield tag="LDR">00000cas  2200709 a 4500</controlfield>
      <controlfield tag="001">004055782</controlfield>
      <controlfield tag="003">OCoLC</controlfield>
      <controlfield tag="005">20141104113431.0</controlfield>
      <controlfield tag="008">141104c19uu9999cc qr p       0   e0chirc</controlfield>
      <datafield tag="010" ind1=" " ind2=" ">
         <subfield code="a">89640772</subfield>
         <subfield code="z">sn 88021963</subfield>
      </datafield>
      <datafield tag="022" ind1=" " ind2=" ">
         <subfield code="a">1002-5332</subfield>
         <subfield code="l">1002-5332</subfield>
      </datafield>
      <datafield tag="035" ind1=" " ind2=" ">
         <subfield code="a">(OCoLC)18170868</subfield>
      </datafield>
      <datafield tag="037" ind1=" " ind2=" ">
         <subfield code="b">Zhongguo guo ji tu shu mao yi zong gong si, P.O. Box 2820, Beijing, China</subfield>
      </datafield>
      <datafield tag="040" ind1=" " ind2=" ">
         <subfield code="a">IUL</subfield>
         <subfield code="b">eng</subfield>
         <subfield code="c">IUL</subfield>
         <subfield code="d">DLC</subfield>
         <subfield code="d">NST</subfield>
         <subfield code="d">DLC</subfield>
         <subfield code="d">SYS</subfield>
         <subfield code="d">WAU</subfield>
         <subfield code="d">OCLCQ</subfield>
         <subfield code="d">DLC</subfield>
         <subfield code="d">OCLCQ</subfield>
         <subfield code="d">OCLCF</subfield>
         <subfield code="d">NNU</subfield>
      </datafield>
      <datafield tag="042" ind1=" " ind2=" ">
         <subfield code="a">pcc</subfield>
      </datafield>
      <datafield tag="043" ind1=" " ind2=" ">
         <subfield code="a">a-cc---</subfield>
      </datafield>
      <datafield tag="050" ind1="0" ind2="0">
         <subfield code="a">DS734.7</subfield>
         <subfield code="b">.S497</subfield>
      </datafield>
      <datafield tag="066" ind1=" " ind2=" ">
         <subfield code="c">$1</subfield>
      </datafield>
      <datafield tag="082" ind1="0" ind2="0">
         <subfield code="a">951/.0072</subfield>
         <subfield code="2">20</subfield>
      </datafield>
      <datafield tag="245" ind1="0" ind2="0">
         <subfield code="6">880-01</subfield>
         <subfield code="a">Shi xue shi yan jiu.</subfield>
      </datafield>
      <datafield tag="246" ind1="1" ind2="3">
         <subfield code="a">Journal of historiography</subfield>
      </datafield>
      <datafield tag="260" ind1=" " ind2=" ">
         <subfield code="6">880-02</subfield>
         <subfield code="a">[Beijing] :</subfield>
         <subfield code="b">Beijing shi fan da xue chu ban she</subfield>
      </datafield>
      <datafield tag="300" ind1=" " ind2=" ">
         <subfield code="a">v. ;</subfield>
         <subfield code="c">26 cm.</subfield>
      </datafield>
      <datafield tag="310" ind1=" " ind2=" ">
         <subfield code="a">Quarterly</subfield>
      </datafield>
      <datafield tag="530" ind1=" " ind2=" ">
         <subfield code="a">Also issued online.</subfield>
      </datafield>
      <datafield tag="550" ind1=" " ind2=" ">
         <subfield code="a">Prepared by: Beijing shi fan da xue shi xue yan jiu suo; and: Beijing shi fan da xue gu ji yan jiu suo.</subfield>
      </datafield>
      <datafield tag="588" ind1=" " ind2=" ">
         <subfield code="a">Description based on: 1987, 1; title from cover.</subfield>
      </datafield>
      <datafield tag="588" ind1=" " ind2=" ">
         <subfield code="a">Latest issue consulted: 1987, 4.</subfield>
      </datafield>
      <datafield tag="651" ind1=" " ind2="0">
         <subfield code="a">China</subfield>
         <subfield code="x">Historiography</subfield>
         <subfield code="v">Periodicals.</subfield>
      </datafield>
      <datafield tag="651" ind1=" " ind2="0">
         <subfield code="a">China</subfield>
         <subfield code="x">History</subfield>
         <subfield code="v">Periodicals.</subfield>
      </datafield>
      <datafield tag="650" ind1=" " ind2="7">
         <subfield code="a">Historiography.</subfield>
         <subfield code="2">fast</subfield>
         <subfield code="0">(OCoLC)fst00958221</subfield>
      </datafield>
      <datafield tag="651" ind1=" " ind2="7">
         <subfield code="a">China.</subfield>
         <subfield code="2">fast</subfield>
         <subfield code="0">(OCoLC)fst01206073</subfield>
      </datafield>
      <datafield tag="655" ind1=" " ind2="7">
         <subfield code="a">History.</subfield>
         <subfield code="2">fast</subfield>
         <subfield code="0">(OCoLC)fst01411628</subfield>
      </datafield>
      <datafield tag="655" ind1=" " ind2="7">
         <subfield code="a">Periodicals.</subfield>
         <subfield code="2">fast</subfield>
         <subfield code="0">(OCoLC)fst01411641</subfield>
      </datafield>
      <datafield tag="710" ind1="2" ind2=" ">
         <subfield code="a">Beijing shi fan da xue.</subfield>
         <subfield code="b">Shi xue yan jiu suo</subfield>
         <subfield code="6">880-03</subfield>
      </datafield>
      <datafield tag="710" ind1="2" ind2=" ">
         <subfield code="a">Beijing shi fan da xue.</subfield>
         <subfield code="b">Gu ji yan jiu suo</subfield>
         <subfield code="6">880-04</subfield>
      </datafield>
      <datafield tag="776" ind1="0" ind2="8">
         <subfield code="i">Online version:</subfield>
         <subfield code="t">Shi xue shi yan jiu</subfield>
         <subfield code="w">(OCoLC)555206906</subfield>
      </datafield>
      <datafield tag="880" ind1="0" ind2="0">
         <subfield code="6">245-01/</subfield>
         <subfield code="a">史学史硏究.</subfield>
      </datafield>
      <datafield tag="880" ind1=" " ind2=" ">
         <subfield code="6">260-02/</subfield>
         <subfield code="a">[北京] :</subfield>
         <subfield code="b">北京师范大学出版社</subfield>
      </datafield>
      <datafield tag="880" ind1="2" ind2=" ">
         <subfield code="6">710-03/</subfield>
         <subfield code="a">北京师范大学.</subfield>
         <subfield code="b">史学硏究所.</subfield>
      </datafield>
      <datafield tag="880" ind1="2" ind2=" ">
         <subfield code="6">710-04/</subfield>
         <subfield code="a">北京师范大学.</subfield>
         <subfield code="b">古籍硏究所.</subfield>
      </datafield>
      <datafield tag="850" ind1=" " ind2=" ">
         <subfield code="a">DLC</subfield>
         <subfield code="a">InU</subfield>
      </datafield>
      <datafield tag="891" ind1="1" ind2="2">
         <subfield code="9">853</subfield>
         <subfield code="8">1</subfield>
         <subfield code="a">(year)</subfield>
         <subfield code="b">no.</subfield>
         <subfield code="u">4</subfield>
         <subfield code="v">r</subfield>
         <subfield code="w">q</subfield>
      </datafield>
      <datafield tag="891" ind1="4" ind2="0">
         <subfield code="9">863</subfield>
         <subfield code="8">1</subfield>
         <subfield code="a">&lt;1981&gt;</subfield>
         <subfield code="b">&lt;1&gt;-</subfield>
         <subfield code="x">provisional</subfield>
      </datafield>
      <datafield tag="891" ind1="3" ind2="3">
         <subfield code="9">853</subfield>
         <subfield code="8">2</subfield>
         <subfield code="a">(year)</subfield>
         <subfield code="b">no.</subfield>
         <subfield code="u">4</subfield>
         <subfield code="v">r</subfield>
         <subfield code="g">no.</subfield>
         <subfield code="w">q</subfield>
         <subfield code="x">03</subfield>
      </datafield>
      <datafield tag="891" ind1="4" ind2="0">
         <subfield code="9">863</subfield>
         <subfield code="8">2</subfield>
         <subfield code="a">&lt;1989&gt;-</subfield>
         <subfield code="g">&lt;53&gt;-</subfield>
         <subfield code="x">provisional</subfield>
      </datafield>
      <datafield tag="994" ind1=" " ind2=" ">
         <subfield code="a">Z0</subfield>
         <subfield code="b">ZYU</subfield>
      </datafield>
      <datafield tag="OWN" ind1=" " ind2=" ">
         <subfield code="a">GENERAL</subfield>
      </datafield>
      <datafield tag="012" ind1=" " ind2=" ">
         <subfield code="a">4</subfield>
         <subfield code="i">8909</subfield>
      </datafield>
      <datafield tag="AVA" ind1=" " ind2=" ">
         <subfield code="a">NYU50</subfield>
         <subfield code="b">NISAW</subfield>
         <subfield code="c">Library 6</subfield>
         <subfield code="d">DS734.7 .S497</subfield>
         <subfield code="e">available</subfield>
         <subfield code="t">Available</subfield>
         <subfield code="f">5</subfield>
         <subfield code="g">0</subfield>
         <subfield code="h">Y</subfield>
         <subfield code="i">0</subfield>
         <subfield code="j">LIB6</subfield>
         <subfield code="k">0</subfield>
      </datafield>
      <marc:datafield tag="852" ind1=" " ind2=" ">
         <marc:subfield code="b">Institute for the Study of the Ancient World, </marc:subfield>
         <marc:subfield code="c">Library 6</marc:subfield>
         <marc:subfield code="e">15 East 84th St., </marc:subfield>
         <marc:subfield code="e">New York, NY  10028</marc:subfield>
      </marc:datafield>
   </record>