
  
  
  
  
  
 
  
  <record xsi:schemaLocation="http://www.loc.gov/MARC21/slim http://www.loc.gov/standards/marcxml/schema/MARC21slim.xsd">
      <leader>00000nam a22      i 4500</leader>
      <controlfield tag="FMT">BK</controlfield>
      <controlfield tag="LDR">00000nam a22      i 4500</controlfield>
      <controlfield tag="001">004065389</controlfield>
      <controlfield tag="005">20141110115340.0</controlfield>
      <controlfield tag="008">141106s2014    riuab    b    001 0 eng d</controlfield>
      <datafield tag="020" ind1=" " ind2=" ">
         <subfield code="a">9780991373031</subfield>
      </datafield>
      <datafield tag="040" ind1=" " ind2=" ">
         <subfield code="a">NNU</subfield>
         <subfield code="b">eng</subfield>
         <subfield code="e">rda</subfield>
         <subfield code="c">NNU</subfield>
      </datafield>
      <datafield tag="043" ind1=" " ind2=" ">
         <subfield code="a">e-it---</subfield>
      </datafield>
      <datafield tag="050" ind1=" " ind2="4">
         <subfield code="a">DG66</subfield>
         <subfield code="b">.H37 2014</subfield>
      </datafield>
      <datafield tag="100" ind1="1" ind2=" ">
         <subfield code="a">Haselberger, Lothar</subfield>
         <subfield code="e">author.</subfield>
      </datafield>
      <datafield tag="245" ind1="1" ind2="4">
         <subfield code="a">The horologium of Augustus :</subfield>
         <subfield code="b">debate and context /</subfield>
         <subfield code="c">by Lothar Haselberger; with contributions by Paolo Albèri Auber [and 10 others].</subfield>
      </datafield>
      <datafield tag="264" ind1=" " ind2="1">
         <subfield code="a">Portsmouth, R.I. :</subfield>
         <subfield code="b">Journal of Roman Archaeology,</subfield>
         <subfield code="c">2014.</subfield>
      </datafield>
      <datafield tag="300" ind1=" " ind2=" ">
         <subfield code="a">206 pages :</subfield>
         <subfield code="b">illustrations, maps ;</subfield>
         <subfield code="c">26 cm.</subfield>
      </datafield>
      <datafield tag="336" ind1=" " ind2=" ">
         <subfield code="a">text</subfield>
         <subfield code="b">txt</subfield>
         <subfield code="2">rdacontent</subfield>
      </datafield>
      <datafield tag="337" ind1=" " ind2=" ">
         <subfield code="a">unmediated</subfield>
         <subfield code="b">n</subfield>
         <subfield code="2">rdamedia</subfield>
      </datafield>
      <datafield tag="338" ind1=" " ind2=" ">
         <subfield code="a">volume</subfield>
         <subfield code="b">nc</subfield>
         <subfield code="2">rdacarrier</subfield>
      </datafield>
      <datafield tag="490" ind1="1" ind2=" ">
         <subfield code="a">Journal of Roman Archaeology. Supplementary series,</subfield>
         <subfield code="x">1063-4304 ;</subfield>
         <subfield code="v">no. 99</subfield>
      </datafield>
      <datafield tag="504" ind1=" " ind2=" ">
         <subfield code="a">Includes bibliographical references (p. 7-11) and indexes.</subfield>
      </datafield>
      <datafield tag="505" ind1="0" ind2="0">
         <subfield code="t">The original debate (2011).</subfield>
         <subfield code="t">A debate on the Horologium of Augustus : controversy and clarifications /</subfield>
         <subfield code="r">Haselberger, Lothar --</subfield>
         <subfield code="t">The Augustus code : a response to L. Haselberger /</subfield>
         <subfield code="r">Heslin, Peter J. --</subfield>
         <subfield code="t">The Horologium on the Campus Martius reconsidered /</subfield>
         <subfield code="r">Schütz, Michael.</subfield>
         <subfield code="t">Expanding the debate.</subfield>
         <subfield code="t">Observations on Augustus' obelisk, meridian, and Ara Pacis, and their symbolic significance in the Bildprogramm of Augustus /</subfield>
         <subfield code="r">Pollini, John --</subfield>
         <subfield code="r">Cipolla, Nicholas --</subfield>
         <subfield code="t">Reconstructing Augustus' Montecitorio obelisk : a gnomonist's point of view /</subfield>
         <subfield code="r">Albèri Auber, Paolo --</subfield>
         <subfield code="t">New digital simulation studies on the obelisk, meridian, and Ara Pacis of Augustus /</subfield>
         <subfield code="r">Frischer, Bernard --</subfield>
         <subfield code="r">Fillwalk, John --</subfield>
         <subfield code="t">Ancient and modern gnomonics : concerns and clarifications /</subfield>
         <subfield code="r">Schütz, Michael.</subfield>
         <subfield code="t">Broadening the context.</subfield>
         <subfield code="t">Horologium ad Mausoleum Augusti : an overview of the fieldwork (1979-97) and the existing documentation (2013), with addendum (2014) /</subfield>
         <subfield code="r">Leonhardt, Günter --</subfield>
         <subfield code="t">The Horologium of Augustus as a sundial (2011), with addendum (2014) /</subfield>
         <subfield code="r">Hannah, Robert --</subfield>
         <subfield code="t">The Horologium of Augustus and its mdoel at Alexandria /</subfield>
         <subfield code="r">Alföldy, Géza --</subfield>
         <subfield code="t">Augustus' solar meridian and the Augustan urban program in the northern Campus Martius : attempt at a holistic view /</subfield>
         <subfield code="r">La Rocca, Eugenio.</subfield>
         <subfield code="t">Challenges and outlook.</subfield>
         <subfield code="t">The 'Horologium' : where do we stand, and where should we go? /</subfield>
         <subfield code="r">Haselberger, Lothar.</subfield>
      </datafield>
      <datafield tag="650" ind1=" " ind2="0">
         <subfield code="a">Solarium Augusti (Rome, Italy)</subfield>
      </datafield>
      <datafield tag="650" ind1=" " ind2="0">
         <subfield code="a">Ara Pacis (Rome, Italy)</subfield>
      </datafield>
      <datafield tag="650" ind1=" " ind2="0">
         <subfield code="a">Obelisks</subfield>
         <subfield code="z">Italy</subfield>
         <subfield code="z">Rome.</subfield>
      </datafield>
      <datafield tag="650" ind1=" " ind2="0">
         <subfield code="a">Meridian marks</subfield>
         <subfield code="z">Italy</subfield>
         <subfield code="z">Rome.</subfield>
      </datafield>
      <datafield tag="651" ind1=" " ind2="0">
         <subfield code="a">Campo Marzio (Rome, Italy)</subfield>
         <subfield code="x">Antiquities.</subfield>
      </datafield>
      <datafield tag="651" ind1=" " ind2="0">
         <subfield code="a">Campo Marzio (Rome, Italy)</subfield>
         <subfield code="x">Buildings, structures, etc.</subfield>
      </datafield>
      <datafield tag="700" ind1="1" ind2=" ">
         <subfield code="a">Albèri Auber, Paolo,</subfield>
         <subfield code="e">contributor.</subfield>
      </datafield>
      <datafield tag="830" ind1=" " ind2="0">
         <subfield code="a">Journal of Roman archaeology. Supplementary series ;</subfield>
         <subfield code="v">no. 99.</subfield>
      </datafield>
      <datafield tag="OWN" ind1=" " ind2=" ">
         <subfield code="a">GENERAL</subfield>
      </datafield>
      <datafield tag="AVA" ind1=" " ind2=" ">
         <subfield code="a">NYU50</subfield>
         <subfield code="b">NIFA</subfield>
         <subfield code="c">Main Collection</subfield>
         <subfield code="d">DG66 .H37 2014 Non-circulating</subfield>
         <subfield code="e">unavailable</subfield>
         <subfield code="t">Unavailable</subfield>
         <subfield code="f">1</subfield>
         <subfield code="g">1</subfield>
         <subfield code="h">N</subfield>
         <subfield code="i">0</subfield>
         <subfield code="j">MAIN</subfield>
         <subfield code="k">0</subfield>
      </datafield>
      <datafield tag="AVA" ind1=" " ind2=" ">
         <subfield code="a">NYU50</subfield>
         <subfield code="b">NISAW</subfield>
         <subfield code="c">Small Collection</subfield>
         <subfield code="d">DG66 .H37 2014</subfield>
         <subfield code="e">available</subfield>
         <subfield code="t">Available</subfield>
         <subfield code="f">1</subfield>
         <subfield code="g">0</subfield>
         <subfield code="h">N</subfield>
         <subfield code="i">0</subfield>
         <subfield code="j">SMALL</subfield>
         <subfield code="k">0</subfield>
      </datafield>
      <marc:datafield tag="852" ind1=" " ind2=" ">
         <marc:subfield code="b">Institute for the Study of the Ancient World, </marc:subfield>
         <marc:subfield code="c">Small Collection</marc:subfield>
         <marc:subfield code="e">15 East 84th St., </marc:subfield>
         <marc:subfield code="e">New York, NY  10028</marc:subfield>
      </marc:datafield>
   </record>