
  
  
  
  
  
 
  
  <record xsi:schemaLocation="http://www.loc.gov/MARC21/slim http://www.loc.gov/standards/marcxml/schema/MARC21slim.xsd">
      <leader>00000cam a22      a 4500</leader>
      <controlfield tag="FMT">BK</controlfield>
      <controlfield tag="LDR">00000cam a22      a 4500</controlfield>
      <controlfield tag="001">004065535</controlfield>
      <controlfield tag="005">20141107134851.0</controlfield>
      <controlfield tag="008">141107s2007    ir ch         000 0 per d</controlfield>
      <datafield tag="010" ind1=" " ind2=" ">
         <subfield code="a">  2008329106</subfield>
      </datafield>
      <datafield tag="020" ind1=" " ind2=" ">
         <subfield code="a">9644263146</subfield>
      </datafield>
      <datafield tag="020" ind1=" " ind2=" ">
         <subfield code="a">9789644263149</subfield>
      </datafield>
      <datafield tag="020" ind1=" " ind2=" ">
         <subfield code="z">9789644263146</subfield>
      </datafield>
      <datafield tag="035" ind1=" " ind2=" ">
         <subfield code="a">(OCoLC)191872552</subfield>
      </datafield>
      <datafield tag="040" ind1=" " ind2=" ">
         <subfield code="a">CUT</subfield>
         <subfield code="b">eng</subfield>
         <subfield code="c">CUT</subfield>
         <subfield code="d">DLC</subfield>
         <subfield code="d">OCLCA</subfield>
         <subfield code="d">OCLCQ</subfield>
         <subfield code="d">OCLCO</subfield>
         <subfield code="d">OCLCF</subfield>
      </datafield>
      <datafield tag="042" ind1=" " ind2=" ">
         <subfield code="a">lccopycat</subfield>
         <subfield code="a">lcode</subfield>
      </datafield>
      <datafield tag="043" ind1=" " ind2=" ">
         <subfield code="a">a-ir---</subfield>
      </datafield>
      <datafield tag="050" ind1="0" ind2="0">
         <subfield code="a">DS324.K49</subfield>
         <subfield code="b">N352 2007</subfield>
      </datafield>
      <datafield tag="100" ind1="1" ind2=" ">
         <subfield code="6">880-01</subfield>
         <subfield code="a">Najm al-Mulk, ʻAbd al-Ghaffār,</subfield>
         <subfield code="d">1839 or 1840-1908 or 1909.</subfield>
      </datafield>
      <datafield tag="245" ind1="1" ind2="0">
         <subfield code="6">880-02</subfield>
         <subfield code="a">Safarnāmah-ʹi duvvum-i Najm al-Dawlah bih Khūzistān :</subfield>
         <subfield code="b">bih payvast-i kitābchah-ʼi Dastūr al-ʻamal-i Nāṣir al-Dīn Shāh dar khuṣūṣ-i safar-i avval bih Khūzistān /</subfield>
         <subfield code="c">taṣḥīḥ, taḥshiyah va taʻlīqāt, Aḥmad Kitābī.</subfield>
      </datafield>
      <datafield tag="246" ind1="1" ind2="5">
         <subfield code="a">Najm al-Dowleh's second travel book to Khuzestan : appendixed by Nasir al-Din Shah's Instructions on the first travel to Khuzestan</subfield>
      </datafield>
      <datafield tag="246" ind1="3" ind2=" ">
         <subfield code="a">Nasir al-Din Shah's Instructions on the first travel to Khuzestan</subfield>
      </datafield>
      <datafield tag="246" ind1="3" ind2=" ">
         <subfield code="a">Second travel book to Khuzestan</subfield>
      </datafield>
      <datafield tag="260" ind1=" " ind2=" ">
         <subfield code="6">880-03</subfield>
         <subfield code="a">Tihrān :</subfield>
         <subfield code="b">Pizhūhishgāh-i ʻUlūm-i Insānī va Muṭālaʻāt-i Farhangī,</subfield>
         <subfield code="c">2007.</subfield>
      </datafield>
      <datafield tag="300" ind1=" " ind2=" ">
         <subfield code="a">243 pages :</subfield>
         <subfield code="b">portraits, facsimiles ;</subfield>
         <subfield code="c">24 cm.</subfield>
      </datafield>
      <datafield tag="336" ind1=" " ind2=" ">
         <subfield code="a">text</subfield>
         <subfield code="b">txt</subfield>
         <subfield code="2">rdacontent</subfield>
      </datafield>
      <datafield tag="337" ind1=" " ind2=" ">
         <subfield code="a">unmediated</subfield>
         <subfield code="b">n</subfield>
         <subfield code="2">rdamedia</subfield>
      </datafield>
      <datafield tag="338" ind1=" " ind2=" ">
         <subfield code="a">volume</subfield>
         <subfield code="b">nc</subfield>
         <subfield code="2">rdacarrier</subfield>
      </datafield>
      <datafield tag="490" ind1="1" ind2=" ">
         <subfield code="6">880-04</subfield>
         <subfield code="a">Ās̲ār-i Najm al-Dawlah</subfield>
      </datafield>
      <datafield tag="546" ind1=" " ind2=" ">
         <subfield code="a">In Persian.</subfield>
      </datafield>
      <datafield tag="651" ind1=" " ind2="0">
         <subfield code="a">Khūzistān (Iran)</subfield>
         <subfield code="x">Description and travel.</subfield>
      </datafield>
      <datafield tag="650" ind1=" " ind2="7">
         <subfield code="a">Travel.</subfield>
         <subfield code="2">fast</subfield>
         <subfield code="0">(OCoLC)fst01155558</subfield>
      </datafield>
      <datafield tag="651" ind1=" " ind2="7">
         <subfield code="a">Iran</subfield>
         <subfield code="z">Khūzistān.</subfield>
         <subfield code="2">fast</subfield>
         <subfield code="0">(OCoLC)fst01208092</subfield>
      </datafield>
      <datafield tag="700" ind1="1" ind2=" ">
         <subfield code="6">880-05</subfield>
         <subfield code="a">Kitābī, Aḥmad.</subfield>
      </datafield>
      <datafield tag="700" ind1="0" ind2=" ">
         <subfield code="6">880-06</subfield>
         <subfield code="a">Nāṣir al-Dīn Shāh,</subfield>
         <subfield code="c">Shah of Iran,</subfield>
         <subfield code="d">1831-1896.</subfield>
         <subfield code="t">Dastūr al-ʻamal.</subfield>
      </datafield>
      <datafield tag="880" ind1="1" ind2=" ">
         <subfield code="6">100-01/</subfield>
         <subfield code="a">نجم الملك، عبدالغفار.</subfield>
      </datafield>
      <datafield tag="880" ind1="1" ind2="0">
         <subfield code="6">245-02/</subfield>
         <subfield code="a">سفرنامۀ‌ دوم نجم الدوله به خوزستان :</subfield>
         <subfield code="b">به پيوست کتابچۀ دستور العمل ناصر الدين شاه در خصوص سفر اول به خوزستان /</subfield>
         <subfield code="c">تصحيح، تحشيه و تعليقات، احمد کتابى.</subfield>
      </datafield>
      <datafield tag="880" ind1=" " ind2=" ">
         <subfield code="6">260-03/</subfield>
         <subfield code="a">تهران :</subfield>
         <subfield code="b">پژوهشگاه علوم انسانى و مطالعات فرهنگى،</subfield>
         <subfield code="c">2007.</subfield>
      </datafield>
      <datafield tag="880" ind1="1" ind2=" ">
         <subfield code="6">490-04/</subfield>
         <subfield code="a">آثار نجم الدوله</subfield>
      </datafield>
      <datafield tag="880" ind1="1" ind2=" ">
         <subfield code="6">700-05/</subfield>
         <subfield code="a">کتابى، احمد.</subfield>
      </datafield>
      <datafield tag="880" ind1="0" ind2=" ">
         <subfield code="6">700-06/</subfield>
         <subfield code="a">ناصر الدين شاه.</subfield>
         <subfield code="t">دستور العمل.</subfield>
      </datafield>
      <datafield tag="800" ind1="1" ind2=" ">
         <subfield code="a">Najm al-Mulk, ʻAbd al-Ghaffār,</subfield>
         <subfield code="d">1839 or 1840-1908 or 1909.</subfield>
         <subfield code="t">Works.</subfield>
         <subfield code="f">2007.</subfield>
      </datafield>
      <datafield tag="856" ind1="4" ind2="1">
         <subfield code="3">Table of contents</subfield>
         <subfield code="u">http://catdir.loc.gov/catdir/toc/fy11pdf01/2008329106.html</subfield>
      </datafield>
      <datafield tag="OWN" ind1=" " ind2=" ">
         <subfield code="a">GENERAL</subfield>
      </datafield>
      <datafield tag="AVA" ind1=" " ind2=" ">
         <subfield code="a">NYU50</subfield>
         <subfield code="b">NISAW</subfield>
         <subfield code="c">Small Collection</subfield>
         <subfield code="d">DS324.K49 N352 2007</subfield>
         <subfield code="e">available</subfield>
         <subfield code="t">Available</subfield>
         <subfield code="f">1</subfield>
         <subfield code="g">0</subfield>
         <subfield code="h">N</subfield>
         <subfield code="i">0</subfield>
         <subfield code="j">SMALL</subfield>
         <subfield code="k">0</subfield>
      </datafield>
      <marc:datafield tag="852" ind1=" " ind2=" ">
         <marc:subfield code="b">Institute for the Study of the Ancient World, </marc:subfield>
         <marc:subfield code="c">Small Collection</marc:subfield>
         <marc:subfield code="e">15 East 84th St., </marc:subfield>
         <marc:subfield code="e">New York, NY  10028</marc:subfield>
      </marc:datafield>
   </record>