
  
  
  
  
  
 
  
  <record xsi:schemaLocation="http://www.loc.gov/MARC21/slim http://www.loc.gov/standards/marcxml/schema/MARC21slim.xsd">
      <leader>00000cam  2200565 i 4500</leader>
      <controlfield tag="FMT">BK</controlfield>
      <controlfield tag="LDR">00000cam  2200565 i 4500</controlfield>
      <controlfield tag="001">004065533</controlfield>
      <controlfield tag="003">OCoLC</controlfield>
      <controlfield tag="005">20141107133730.0</controlfield>
      <controlfield tag="008">141107m19721973is ah    b    100 0 eng</controlfield>
      <datafield tag="010" ind1=" " ind2=" ">
         <subfield code="a">72950546</subfield>
      </datafield>
      <datafield tag="035" ind1=" " ind2=" ">
         <subfield code="a">(OCoLC)6122810</subfield>
      </datafield>
      <datafield tag="040" ind1=" " ind2=" ">
         <subfield code="a">DLC</subfield>
         <subfield code="b">eng</subfield>
         <subfield code="c">BCT</subfield>
         <subfield code="d">IXA</subfield>
         <subfield code="d">IUL</subfield>
         <subfield code="d">OCL</subfield>
         <subfield code="d">OCLCQ</subfield>
         <subfield code="d">NLGGC</subfield>
         <subfield code="d">CBC</subfield>
         <subfield code="d">OCLCQ</subfield>
         <subfield code="d">OCLCO</subfield>
         <subfield code="d">OCLCF</subfield>
         <subfield code="d">NNU</subfield>
      </datafield>
      <datafield tag="041" ind1="0" ind2=" ">
         <subfield code="a">eng</subfield>
         <subfield code="a">heb</subfield>
      </datafield>
      <datafield tag="050" ind1="0" ind2="4">
         <subfield code="a">BM30</subfield>
         <subfield code="b">.W6 1969</subfield>
      </datafield>
      <datafield tag="082" ind1="0" ind2=" ">
         <subfield code="a">296</subfield>
      </datafield>
      <datafield tag="111" ind1="2" ind2=" ">
         <subfield code="a">World Congress of Jewish Studies</subfield>
         <subfield code="n">(5th :</subfield>
         <subfield code="d">1969 :</subfield>
         <subfield code="c">Jerusalem)</subfield>
      </datafield>
      <datafield tag="245" ind1="1" ind2="0">
         <subfield code="a">Proceedings of the Fifth World Congress of Jewish Studies, the Hebrew University, Mount Scopus-Givat Ram, Jerusalem, Jerusalem [sic], 3-11 August, 1969 /</subfield>
         <subfield code="c">[editor, Pinchas Peli].</subfield>
      </datafield>
      <datafield tag="246" ind1="3" ind2=" ">
         <subfield code="a">Divre ha-Ḳongres ha-ʻolami ha-ḥamishi le-madaʻe ha-Yahadut</subfield>
      </datafield>
      <datafield tag="246" ind1="1" ind2=" ">
         <subfield code="i">T.p. of vol. 1 reads:</subfield>
         <subfield code="a">Proceedings of the Fourth World Congress of Jewish studies</subfield>
      </datafield>
      <datafield tag="260" ind1=" " ind2=" ">
         <subfield code="a">[Jerusalem] :</subfield>
         <subfield code="b">World Union of Jewish Studies,</subfield>
         <subfield code="c">[1972?-1973]</subfield>
      </datafield>
      <datafield tag="300" ind1=" " ind2=" ">
         <subfield code="a">5 volumes :</subfield>
         <subfield code="b">illustrations ;</subfield>
         <subfield code="c">25 cm</subfield>
      </datafield>
      <datafield tag="336" ind1=" " ind2=" ">
         <subfield code="a">text</subfield>
         <subfield code="b">txt</subfield>
         <subfield code="2">rdacontent</subfield>
      </datafield>
      <datafield tag="337" ind1=" " ind2=" ">
         <subfield code="a">unmediated</subfield>
         <subfield code="b">n</subfield>
         <subfield code="2">rdamedia</subfield>
      </datafield>
      <datafield tag="338" ind1=" " ind2=" ">
         <subfield code="a">volume</subfield>
         <subfield code="b">nc</subfield>
         <subfield code="2">rdacarrier</subfield>
      </datafield>
      <datafield tag="500" ind1=" " ind2=" ">
         <subfield code="a">ISAW copy of vol. 1 is from the Library of Hayim and Miriam Tadmor.</subfield>
         <subfield code="5">NNU</subfield>
      </datafield>
      <datafield tag="504" ind1=" " ind2=" ">
         <subfield code="a">Includes bibliographical references.</subfield>
      </datafield>
      <datafield tag="505" ind1="0" ind2="0">
         <subfield code="g">Vol. 1.</subfield>
         <subfield code="t">The ancient Near-East as related to the Bible and the Holy Land --</subfield>
         <subfield code="t">The Bible --</subfield>
         <subfield code="t">Archaeology --</subfield>
         <subfield code="t">The history of Israel --</subfield>
         <subfield code="t">Period of the first and second temples --</subfield>
         <subfield code="t">Pseudo-epigraphical literature --</subfield>
         <subfield code="t">The Dead sea scrolls --</subfield>
         <subfield code="t">The New Testament.</subfield>
         <subfield code="g">Vol. 2.</subfield>
         <subfield code="t">Jewish history in the Mishnah and Talmud period, in the Middle Ages and modern times --</subfield>
         <subfield code="t">The Jewish Labour Movement --</subfield>
         <subfield code="t">Contemporary Jewish history --</subfield>
         <subfield code="t">The Holocaust.</subfield>
         <subfield code="g">Vol. 3.</subfield>
         <subfield code="t">The intellectual creativity of the Jewish people --</subfield>
         <subfield code="t">Jewish thought --</subfield>
         <subfield code="t">Talmud --</subfield>
         <subfield code="t">Jewish philosophy and Kabbalah --</subfield>
         <subfield code="t">Jewish law --</subfield>
         <subfield code="t">Song and poetry --</subfield>
         <subfield code="t">Jewish literature.</subfield>
         <subfield code="g">Vol. 4.</subfield>
         <subfield code="t">Hebrew language --</subfield>
         <subfield code="t">Jewish languages and dialects --</subfield>
         <subfield code="t">Jewish folklore --</subfield>
         <subfield code="t">Jewish art and music.</subfield>
         <subfield code="g">Vol. 5.</subfield>
         <subfield code="t">The historical dictionary of the Hebrew language --</subfield>
         <subfield code="t">Archives in israel --</subfield>
         <subfield code="t">The Institute for Hebrew Bibliography --</subfield>
         <subfield code="t">The Institute for Research in Jewish Law --</subfield>
         <subfield code="t">Palaeographia Hebraica --</subfield>
         <subfield code="t">Folklore Archives in Israel --</subfield>
         <subfield code="t">Research of the history of the Jews in the Middle East in the Islamic period --</subfield>
         <subfield code="t">Bible Project --</subfield>
         <subfield code="t">Institute of Microfilms of Hebrew Manuscripts --</subfield>
         <subfield code="t">Index of Jewish art --</subfield>
         <subfield code="t">Zionist research --</subfield>
         <subfield code="t">The Yad ben Zvi Projects.</subfield>
      </datafield>
      <datafield tag="500" ind1=" " ind2=" ">
         <subfield code="a">Added t.p.: Divre ha-Ḳongres ha-ʻolami ha-ḥamishi le-madaʻe ha- Yahadut.</subfield>
      </datafield>
      <datafield tag="500" ind1=" " ind2=" ">
         <subfield code="a">English or Hebrew.</subfield>
      </datafield>
      <datafield tag="500" ind1=" " ind2=" ">
         <subfield code="a">Vols. 3-4 edited by Avigdor Shinan.</subfield>
      </datafield>
      <datafield tag="650" ind1=" " ind2="0">
         <subfield code="a">Judaism</subfield>
         <subfield code="x">History</subfield>
         <subfield code="v">Congresses.</subfield>
      </datafield>
      <datafield tag="650" ind1=" " ind2="0">
         <subfield code="a">Jews</subfield>
         <subfield code="x">History</subfield>
         <subfield code="v">Congresses.</subfield>
      </datafield>
      <datafield tag="630" ind1="0" ind2="0">
         <subfield code="a">Bible</subfield>
         <subfield code="x">Antiquities</subfield>
         <subfield code="v">Congresses.</subfield>
      </datafield>
      <datafield tag="630" ind1="0" ind2="0">
         <subfield code="a">Bible.</subfield>
         <subfield code="p">Old Testament</subfield>
         <subfield code="x">Criticism, interpretation, etc.</subfield>
         <subfield code="v">Congresses.</subfield>
      </datafield>
      <datafield tag="650" ind1="1" ind2="7">
         <subfield code="a">Joden.</subfield>
         <subfield code="2">gtt</subfield>
      </datafield>
      <datafield tag="630" ind1="0" ind2="7">
         <subfield code="a">Bible.</subfield>
         <subfield code="p">Old Testament.</subfield>
         <subfield code="2">fast</subfield>
         <subfield code="0">(OCoLC)fst01808092</subfield>
      </datafield>
      <datafield tag="650" ind1=" " ind2="7">
         <subfield code="a">Jews.</subfield>
         <subfield code="2">fast</subfield>
         <subfield code="0">(OCoLC)fst00983135</subfield>
      </datafield>
      <datafield tag="650" ind1=" " ind2="7">
         <subfield code="a">Judaism.</subfield>
         <subfield code="2">fast</subfield>
         <subfield code="0">(OCoLC)fst00984280</subfield>
      </datafield>
      <datafield tag="655" ind1=" " ind2="7">
         <subfield code="a">Conference proceedings.</subfield>
         <subfield code="2">fast</subfield>
         <subfield code="0">(OCoLC)fst01423772</subfield>
      </datafield>
      <datafield tag="655" ind1=" " ind2="7">
         <subfield code="a">Criticism, interpretation, etc.</subfield>
         <subfield code="2">fast</subfield>
         <subfield code="0">(OCoLC)fst01411635</subfield>
      </datafield>
      <datafield tag="655" ind1=" " ind2="7">
         <subfield code="a">History.</subfield>
         <subfield code="2">fast</subfield>
         <subfield code="0">(OCoLC)fst01411628</subfield>
      </datafield>
      <datafield tag="796" ind1="1" ind2=" ">
         <subfield code="a">Tadmor, Hayim,</subfield>
         <subfield code="e">former owner.</subfield>
      </datafield>
      <datafield tag="796" ind1="1" ind2=" ">
         <subfield code="a">Tadmor, Miriam,</subfield>
         <subfield code="e">former owner.</subfield>
      </datafield>
      <datafield tag="797" ind1="2" ind2=" ">
         <subfield code="a">Tadmor Collection.</subfield>
      </datafield>
      <datafield tag="700" ind1="1" ind2=" ">
         <subfield code="a">Peli, Pinchas.</subfield>
      </datafield>
      <datafield tag="700" ind1="1" ind2=" ">
         <subfield code="a">Shinʼan, Avigdor.</subfield>
      </datafield>
      <datafield tag="710" ind1="2" ind2=" ">
         <subfield code="a">Universiṭah ha-ʻIvrit bi-Yerushalayim.</subfield>
      </datafield>
      <datafield tag="710" ind1="2" ind2=" ">
         <subfield code="a">World Union of Jewish Studies.</subfield>
      </datafield>
      <datafield tag="776" ind1="0" ind2="8">
         <subfield code="i">Online version:</subfield>
         <subfield code="a">World Congress of Jewish Studies (5th : 1969 : Jerusalem).</subfield>
         <subfield code="t">Proceedings of the Fifth World Congress of Jewish Studies, the Hebrew University, Mount Scopus-Givat Ram, Jerusalem, Jerusalem [sic], 3-11 August, 1969.</subfield>
         <subfield code="d">[Jerusalem] : World Union of Jewish Studies, [1972?-1973]</subfield>
         <subfield code="w">(OCoLC)613714023</subfield>
      </datafield>
      <datafield tag="994" ind1=" " ind2=" ">
         <subfield code="a">Z0</subfield>
         <subfield code="b">ZYU</subfield>
      </datafield>
      <datafield tag="OWN" ind1=" " ind2=" ">
         <subfield code="a">GENERAL</subfield>
      </datafield>
      <datafield tag="AVA" ind1=" " ind2=" ">
         <subfield code="a">NYU50</subfield>
         <subfield code="b">NISAW</subfield>
         <subfield code="c">Small Collection</subfield>
         <subfield code="d">BM30 .W6 1969</subfield>
         <subfield code="e">available</subfield>
         <subfield code="t">Available</subfield>
         <subfield code="f">1</subfield>
         <subfield code="g">0</subfield>
         <subfield code="h">Y</subfield>
         <subfield code="i">0</subfield>
         <subfield code="j">SMALL</subfield>
         <subfield code="k">0</subfield>
      </datafield>
      <marc:datafield tag="852" ind1=" " ind2=" ">
         <marc:subfield code="b">Institute for the Study of the Ancient World, </marc:subfield>
         <marc:subfield code="c">Small Collection</marc:subfield>
         <marc:subfield code="e">15 East 84th St., </marc:subfield>
         <marc:subfield code="e">New York, NY  10028</marc:subfield>
      </marc:datafield>
   </record>