
  
  
  
  
  
 
  
  <record xsi:schemaLocation="http://www.loc.gov/MARC21/slim http://www.loc.gov/standards/marcxml/schema/MARC21slim.xsd">
      <leader>00000cam  2200517 a 4500</leader>
      <controlfield tag="FMT">BK</controlfield>
      <controlfield tag="LDR">00000cam  2200517 a 4500</controlfield>
      <controlfield tag="001">004065550</controlfield>
      <controlfield tag="003">OCoLC</controlfield>
      <controlfield tag="005">20141107150209.0</controlfield>
      <controlfield tag="008">141107m18871889gw h          000 0 ger d</controlfield>
      <datafield tag="035" ind1=" " ind2=" ">
         <subfield code="a">(OCoLC)4429855</subfield>
         <subfield code="z">(OCoLC)271782877</subfield>
         <subfield code="z">(OCoLC)741262393</subfield>
      </datafield>
      <datafield tag="040" ind1=" " ind2=" ">
         <subfield code="a">CLE</subfield>
         <subfield code="b">eng</subfield>
         <subfield code="c">CLE</subfield>
         <subfield code="d">OCLCQ</subfield>
         <subfield code="d">ZCU</subfield>
         <subfield code="d">UW1</subfield>
         <subfield code="d">AMAZN</subfield>
         <subfield code="d">OCLCQ</subfield>
         <subfield code="d">AU@</subfield>
         <subfield code="d">NDD</subfield>
         <subfield code="d">OCLCA</subfield>
         <subfield code="d">OCLCQ</subfield>
         <subfield code="d">NNU</subfield>
      </datafield>
      <datafield tag="041" ind1="0" ind2=" ">
         <subfield code="a">akk</subfield>
         <subfield code="a">ger</subfield>
         <subfield code="b">ger</subfield>
         <subfield code="m">akk</subfield>
      </datafield>
      <datafield tag="043" ind1=" " ind2=" ">
         <subfield code="a">aw-----</subfield>
      </datafield>
      <datafield tag="050" ind1=" " ind2="4">
         <subfield code="a">PJ3837.A6</subfield>
         <subfield code="b">S65 1887</subfield>
      </datafield>
      <datafield tag="050" ind1=" " ind2="4">
         <subfield code="a">DS73.87</subfield>
         <subfield code="b">A848 1887</subfield>
      </datafield>
      <datafield tag="082" ind1="0" ind2="4">
         <subfield code="a">492.1</subfield>
      </datafield>
      <datafield tag="082" ind1="0" ind2="4">
         <subfield code="a">915.228</subfield>
         <subfield code="b">As39s2</subfield>
      </datafield>
      <datafield tag="100" ind1="0" ind2=" ">
         <subfield code="a">Ashurbanipal,</subfield>
         <subfield code="c">King of Assyria,</subfield>
         <subfield code="d">active 668 B.C.-627 B.C.</subfield>
      </datafield>
      <datafield tag="245" ind1="1" ind2="4">
         <subfield code="a">Die keilschrifttexte Asurbanipals, königs von Assyrien (668-626 v. Chr.) :</subfield>
         <subfield code="b">nach dem selbst in London copirten grundtext /</subfield>
         <subfield code="c">mit transscription, übersetzung, kommentar und vollständigem glossar von Samuel Alden Smith.</subfield>
      </datafield>
      <datafield tag="260" ind1=" " ind2=" ">
         <subfield code="a">Leipzig :</subfield>
         <subfield code="b">E. Pfeiffer,</subfield>
         <subfield code="c">1887-89.</subfield>
      </datafield>
      <datafield tag="300" ind1=" " ind2=" ">
         <subfield code="a">3 volumes :</subfield>
         <subfield code="b">facsims. ;</subfield>
         <subfield code="c">23 cm.</subfield>
      </datafield>
      <datafield tag="336" ind1=" " ind2=" ">
         <subfield code="a">text</subfield>
         <subfield code="b">txt</subfield>
         <subfield code="2">rdacontent</subfield>
      </datafield>
      <datafield tag="337" ind1=" " ind2=" ">
         <subfield code="a">unmediated</subfield>
         <subfield code="b">n</subfield>
         <subfield code="2">rdamedia</subfield>
      </datafield>
      <datafield tag="338" ind1=" " ind2=" ">
         <subfield code="a">volume</subfield>
         <subfield code="b">nc</subfield>
         <subfield code="2">rdacarrier</subfield>
      </datafield>
      <datafield tag="500" ind1=" " ind2=" ">
         <subfield code="a">ISAW copy is from the Library of Hayim and Miriam Tadmor.</subfield>
         <subfield code="5">NNU</subfield>
      </datafield>
      <datafield tag="505" ind1="0" ind2="0">
         <subfield code="g">hft. I.</subfield>
         <subfield code="t">Die annalen nach dem cylinder Rm 1 (vgl. v. R 1-10) --</subfield>
         <subfield code="g">hft. II.</subfield>
         <subfield code="t">Neue bautexte unveröffentliche briefe und depeschen mit original textausgabe u.s.w. --</subfield>
         <subfield code="g">hft. III.</subfield>
         <subfield code="t">Unedirte briefe, depeschen, omentexte u.s.w.</subfield>
      </datafield>
      <datafield tag="500" ind1=" " ind2=" ">
         <subfield code="a">Title varies slightly.</subfield>
      </datafield>
      <datafield tag="650" ind1=" " ind2="0">
         <subfield code="a">Cuneiform inscriptions, Akkadian.</subfield>
      </datafield>
      <datafield tag="600" ind1="0" ind2="0">
         <subfield code="a">Ashurbanipal,</subfield>
         <subfield code="c">King of Assyria,</subfield>
         <subfield code="d">fl. 668-627 B.C.</subfield>
      </datafield>
      <datafield tag="651" ind1=" " ind2="0">
         <subfield code="a">Assyria</subfield>
         <subfield code="x">History</subfield>
         <subfield code="v">Sources.</subfield>
      </datafield>
      <datafield tag="796" ind1="1" ind2=" ">
         <subfield code="a">Tadmor, Hayim,</subfield>
         <subfield code="e">former owner.</subfield>
      </datafield>
      <datafield tag="796" ind1="1" ind2=" ">
         <subfield code="a">Tadmor, Miriam,</subfield>
         <subfield code="e">former owner.</subfield>
      </datafield>
      <datafield tag="797" ind1="2" ind2=" ">
         <subfield code="a">Tadmor Collection.</subfield>
      </datafield>
      <datafield tag="700" ind1="1" ind2=" ">
         <subfield code="a">Smith, Samuel Alden</subfield>
         <subfield code="e">translator.</subfield>
      </datafield>
      <datafield tag="776" ind1="0" ind2="8">
         <subfield code="i">Online version:</subfield>
         <subfield code="a">Ashur-bani-pal, king of Assyria, active B.C. 650.</subfield>
         <subfield code="t">Keilschrifttexte Asurbanipals, königs von Assyrien (668-626 v. Chr.).</subfield>
         <subfield code="d">Leipzig, E. Pfeiffer, 1887-89</subfield>
         <subfield code="w">(OCoLC)644773777</subfield>
      </datafield>
      <datafield tag="994" ind1=" " ind2=" ">
         <subfield code="a">Z0</subfield>
         <subfield code="b">ZYU</subfield>
      </datafield>
      <datafield tag="OWN" ind1=" " ind2=" ">
         <subfield code="a">GENERAL</subfield>
      </datafield>
      <datafield tag="AVA" ind1=" " ind2=" ">
         <subfield code="a">NYU50</subfield>
         <subfield code="b">NISAW</subfield>
         <subfield code="c">Reference 4 Collection</subfield>
         <subfield code="d">PJ3837.A6 S65 1887</subfield>
         <subfield code="e">available</subfield>
         <subfield code="t">Available</subfield>
         <subfield code="f">1</subfield>
         <subfield code="g">0</subfield>
         <subfield code="h">N</subfield>
         <subfield code="i">0</subfield>
         <subfield code="j">REF4</subfield>
         <subfield code="k">0</subfield>
      </datafield>
      <marc:datafield tag="852" ind1=" " ind2=" ">
         <marc:subfield code="b">Institute for the Study of the Ancient World, </marc:subfield>
         <marc:subfield code="c">Reference 4 Collection</marc:subfield>
         <marc:subfield code="e">15 East 84th St., </marc:subfield>
         <marc:subfield code="e">New York, NY  10028</marc:subfield>
      </marc:datafield>
   </record>