
  
  
  
  
  
 
  
  <record xsi:schemaLocation="http://www.loc.gov/MARC21/slim http://www.loc.gov/standards/marcxml/schema/MARC21slim.xsd">
      <leader>00000cam  2200529 i 4500</leader>
      <controlfield tag="FMT">BK</controlfield>
      <controlfield tag="LDR">00000cam  2200529 i 4500</controlfield>
      <controlfield tag="001">003876387</controlfield>
      <controlfield tag="003">OCoLC</controlfield>
      <controlfield tag="005">20141107095159.0</controlfield>
      <controlfield tag="008">130604s2013    sz a     b    101 0 eng d</controlfield>
      <datafield tag="020" ind1=" " ind2=" ">
         <subfield code="a">9783643903297 (paperback)</subfield>
      </datafield>
      <datafield tag="020" ind1=" " ind2=" ">
         <subfield code="a">3643903294 (paperback)</subfield>
      </datafield>
      <datafield tag="035" ind1="7" ind2=" ">
         <subfield code="a">ybp9534946</subfield>
      </datafield>
      <datafield tag="035" ind1=" " ind2=" ">
         <subfield code="a">(OCoLC)852398447</subfield>
      </datafield>
      <datafield tag="040" ind1=" " ind2=" ">
         <subfield code="a">HLS</subfield>
         <subfield code="e">rda</subfield>
         <subfield code="c">HLS</subfield>
         <subfield code="d">OCLCO</subfield>
         <subfield code="d">NLGGC</subfield>
         <subfield code="d">IUL</subfield>
         <subfield code="d">MNJ</subfield>
      </datafield>
      <datafield tag="043" ind1=" " ind2=" ">
         <subfield code="a">a-cc---</subfield>
         <subfield code="a">ac-----</subfield>
      </datafield>
      <datafield tag="044" ind1=" " ind2=" ">
         <subfield code="a">sz</subfield>
         <subfield code="a">gw</subfield>
      </datafield>
      <datafield tag="050" ind1=" " ind2="4">
         <subfield code="a">BX153.3</subfield>
         <subfield code="b">.F76 2013</subfield>
      </datafield>
      <datafield tag="245" ind1="0" ind2="0">
         <subfield code="a">From the Oxus River to the Chinese shores :</subfield>
         <subfield code="b">studies on East Syriac Christianity in China and Central Asia /</subfield>
         <subfield code="c">edited by Li Tang and Dietmar W. Winkler.</subfield>
      </datafield>
      <datafield tag="246" ind1="3" ind2="0">
         <subfield code="a">Studies on East Syriac Christianity in China and Central Asia</subfield>
      </datafield>
      <datafield tag="264" ind1=" " ind2="1">
         <subfield code="a">Zürich ;</subfield>
         <subfield code="a">Berlin :</subfield>
         <subfield code="b">Lit Verlag,</subfield>
         <subfield code="c">[2013]</subfield>
      </datafield>
      <datafield tag="300" ind1=" " ind2=" ">
         <subfield code="a">472 pages :</subfield>
         <subfield code="b">illustrations ;</subfield>
         <subfield code="c">24 cm.</subfield>
      </datafield>
      <datafield tag="336" ind1=" " ind2=" ">
         <subfield code="a">text</subfield>
         <subfield code="2">rdacontent</subfield>
      </datafield>
      <datafield tag="337" ind1=" " ind2=" ">
         <subfield code="a">unmediated</subfield>
         <subfield code="2">rdamedia</subfield>
      </datafield>
      <datafield tag="338" ind1=" " ind2=" ">
         <subfield code="a">volume</subfield>
         <subfield code="2">rdacarrier</subfield>
      </datafield>
      <datafield tag="490" ind1="1" ind2=" ">
         <subfield code="a">Orientalia -- patristica -- oecumenica ;</subfield>
         <subfield code="v">vol. 5</subfield>
      </datafield>
      <datafield tag="500" ind1=" " ind2=" ">
         <subfield code="a">Includes most of the papers presented at the "3rd International Conference on the Church of the East in China and Central Asia", held from June 4-9, 2009 in Salzburg, Austria.</subfield>
      </datafield>
      <datafield tag="504" ind1=" " ind2=" ">
         <subfield code="a">Includes bibliographical references and index.</subfield>
      </datafield>
      <datafield tag="505" ind1="0" ind2="0">
         <subfield code="t">Manuscripts and inscriptions.</subfield>
         <subfield code="t">On some transcriptions of Syriac names in Chinese-language Jingjiao documents /</subfield>
         <subfield code="r">Takahashi, Hidemi --</subfield>
         <subfield code="t">Traversing time and location: a prayer-amulet of Mar Tamsis from Turfan /</subfield>
         <subfield code="r">Hunter, Erica --</subfield>
         <subfield code="t">Fragments of Sogdian gospel lectionaries: some new identifications /</subfield>
         <subfield code="r">Pittard, William J. --</subfield>
         <subfield code="r">Sims-Williams, Nicholas --</subfield>
         <subfield code="t">More on the priest Särgis in the White Pagoda: the Syro-Turkic inscription on the White Pagoda in Hohhot /</subfield>
         <subfield code="r">Borbone, Pier G. --</subfield>
         <subfield code="t">A database of the Syriac and Syro-Turkic inscriptions from Central Asia and China /</subfield>
         <subfield code="r">Farina, Margherita --</subfield>
         <subfield code="t">Yangzhou and Quanzhou: ongoing research on Syro-Turkic inscriptions /</subfield>
         <subfield code="r">Franzmann, Majella --</subfield>
         <subfield code="t">A Nestorian tombstone with Syriac inscriptions from Central Asia /</subfield>
         <subfield code="r">Ruji, Niu --</subfield>
         <subfield code="t">Turkic Christianity in the Black City (Xaraxoto) /</subfield>
         <subfield code="r">Zieme, Peter.</subfield>
         <subfield code="t">Historicy &amp; Archaeological excavations.</subfield>
         <subfield code="t">The Tang period.</subfield>
         <subfield code="t">A belligerent priest: Yisi and his political context /</subfield>
         <subfield code="r">Deeg, Max --</subfield>
         <subfield code="t">The 'Romanitas' of the Xi'an inscription /</subfield>
         <subfield code="r">Lieu, Samuel N.C. --</subfield>
      </datafield>
      <datafield tag="505" ind1="0" ind2="0">
         <subfield code="t">Luminous ministers of the Da Qin Monastery: a study of the Christian clergy mentioned in the Jingjiao pillar from Luoyang /</subfield>
         <subfield code="r">Nicolini-Zani, Matteo --</subfield>
         <subfield code="t">A comparative study of two Nestorian stone steles unearthed in the two capital cities of the Tang dynasty: Xi'an and Luoyang /</subfield>
         <subfield code="r">Chengyong, Ge --</subfield>
         <subfield code="t">The Luoyang Nestorian pillar and the Gande township: a settlement of foreigners in the area of Luoyang of the Tang dynasty /</subfield>
         <subfield code="r">Naizhu, Zhang.</subfield>
         <subfield code="t">The Mongol-Yuan period.</subfield>
         <subfield code="t">When was the Temple of the Cross at Fangshan a "Christian temple"? /</subfield>
         <subfield code="r">Marsone, Pierre --</subfield>
         <subfield code="t">Two portraits for one man: George, King of the Önggüt /</subfield>
         <subfield code="r">Marsone, Pierre --</subfield>
         <subfield code="t">White Tatars: the problem of the origin of the Öngüt conversion to Jingjiao and the Uighur connection /</subfield>
         <subfield code="r">Paolillo, Maurizio --</subfield>
         <subfield code="t">Rediscovering the Ongut King George: remarks on a newly excavated archaeological site /</subfield>
         <subfield code="r">Tang, Li --</subfield>
         <subfield code="t">The rise and fall of Nestorianism in Quanzhou during the Yuan dynasty /</subfield>
         <subfield code="r">Bin, Xu --</subfield>
         <subfield code="r">Bizhen, Xie --</subfield>
         <subfield code="9"/>
      </datafield>
      <datafield tag="505" ind1="0" ind2="0">
         <subfield code="t">Doubt on the viewpoint of the extinction of Jingjiao in China after the Tang dynasty /</subfield>
         <subfield code="r">Yuanyuan, Wang --</subfield>
         <subfield code="t">Aristocratic women and their relationships to Nestorianism in the 13th century Chingizid empire /</subfield>
         <subfield code="r">Tezcan, Mehmet</subfield>
         <subfield code="r">Bayindir, Asiye.</subfield>
         <subfield code="t">Syriac Christianity along the silk routes.</subfield>
         <subfield code="t">East Syrian missions to the Malabar coast in the sixteenth century /</subfield>
         <subfield code="r">Varghese, Baby --</subfield>
         <subfield code="t">Assyrians in Armenia: an interdisciplinary survey /</subfield>
         <subfield code="r">Dum-Tragut, Jasmine.</subfield>
         <subfield code="t">Litugrgical traditions &amp; theological reflections.</subfield>
         <subfield code="t">The importance of the Psalter at Turfan /</subfield>
         <subfield code="r">Dickens, Mark --</subfield>
         <subfield code="t">The Triune God in the tripartite world in a Syriac manuscript found at Khara-Khoto /</subfield>
         <subfield code="r">Muto, Shinichi --</subfield>
         <subfield code="t">The evolution of pro-Nicene theology in the Church of the East /</subfield>
         <subfield code="r">Williams, Daniel H. --</subfield>
         <subfield code="t">The contributions of the theology of Jingjiao to the society in China during the Tang dynasty /</subfield>
         <subfield code="r">Pang, Garry Moon Yuen --</subfield>
         <subfield code="t">How Jingjiao became Nestorian: Western perceptions and Eastern realities /</subfield>
         <subfield code="r">Thompson, Glen L. --</subfield>
         <subfield code="t">Evagrius and the history of Mar Yaballaha: preliminary findings on a virtue tradition in the Church of the East /</subfield>
         <subfield code="r">Watson, Anthony J. --</subfield>
         <subfield code="9"/>
      </datafield>
      <datafield tag="505" ind1="0" ind2="0">
         <subfield code="t">The glorious past: the history of the Church of the East in China as symbol among East Syrian Christians in the 20th century /</subfield>
         <subfield code="r">Tamcke, Martin.</subfield>
         <subfield code="9"/>
      </datafield>
      <datafield tag="610" ind1="2" ind2="0">
         <subfield code="a">Church of the East</subfield>
         <subfield code="x">History</subfield>
         <subfield code="v">Congresses.</subfield>
      </datafield>
      <datafield tag="610" ind1="2" ind2="0">
         <subfield code="a">Assyrian Church of the East</subfield>
         <subfield code="z">China</subfield>
         <subfield code="x">History</subfield>
         <subfield code="v">Congresses.</subfield>
      </datafield>
      <datafield tag="610" ind1="2" ind2="0">
         <subfield code="a">Assyrian Church of the East</subfield>
         <subfield code="z">Asia, Central</subfield>
         <subfield code="x">History</subfield>
         <subfield code="v">Congresses.</subfield>
      </datafield>
      <datafield tag="610" ind1="2" ind2="0">
         <subfield code="a">Church of the East</subfield>
         <subfield code="x">Doctrines</subfield>
         <subfield code="x">History</subfield>
         <subfield code="v">Congresses.</subfield>
      </datafield>
      <datafield tag="610" ind1="2" ind2="0">
         <subfield code="a">Church of the East</subfield>
         <subfield code="x">Liturgy</subfield>
         <subfield code="x">History</subfield>
         <subfield code="v">Congresses.</subfield>
      </datafield>
      <datafield tag="650" ind1=" " ind2="0">
         <subfield code="a">Christian life</subfield>
         <subfield code="v">Congresses.</subfield>
      </datafield>
      <datafield tag="610" ind1="2" ind2="4">
         <subfield code="a">Church of the East.</subfield>
      </datafield>
      <datafield tag="610" ind1="2" ind2="4">
         <subfield code="a">Assyrian Church of the East.</subfield>
      </datafield>
      <datafield tag="700" ind1="1" ind2=" ">
         <subfield code="a">Tang, Li.</subfield>
      </datafield>
      <datafield tag="700" ind1="1" ind2=" ">
         <subfield code="a">Winkler, Dietmar W.</subfield>
      </datafield>
      <datafield tag="711" ind1="2" ind2=" ">
         <subfield code="a">International Conference on the Church of the East in China and Central Asia</subfield>
         <subfield code="n">(3rd :</subfield>
         <subfield code="d">2009 :</subfield>
         <subfield code="c">Salzburg, Austria)</subfield>
      </datafield>
      <datafield tag="830" ind1=" " ind2="0">
         <subfield code="a">Orientalia--patristica--oecumenica ;</subfield>
         <subfield code="v">v. 5.</subfield>
      </datafield>
      <datafield tag="OWN" ind1=" " ind2=" ">
         <subfield code="a">GENERAL</subfield>
      </datafield>
      <datafield tag="AVA" ind1=" " ind2=" ">
         <subfield code="a">NYU50</subfield>
         <subfield code="b">BOBST</subfield>
         <subfield code="c">Main Collection</subfield>
         <subfield code="d">BX153.3 .F76 2013</subfield>
         <subfield code="e">available</subfield>
         <subfield code="t">Available</subfield>
         <subfield code="f">1</subfield>
         <subfield code="g">0</subfield>
         <subfield code="h">N</subfield>
         <subfield code="i">0</subfield>
         <subfield code="j">MAIN</subfield>
         <subfield code="k">0</subfield>
      </datafield>
      <datafield tag="AVA" ind1=" " ind2=" ">
         <subfield code="a">NYU50</subfield>
         <subfield code="b">NISAW</subfield>
         <subfield code="c">Small Collection</subfield>
         <subfield code="d">BX153.3 .F76 2013</subfield>
         <subfield code="e">available</subfield>
         <subfield code="t">Available</subfield>
         <subfield code="f">1</subfield>
         <subfield code="g">0</subfield>
         <subfield code="h">N</subfield>
         <subfield code="i">0</subfield>
         <subfield code="j">SMALL</subfield>
         <subfield code="k">0</subfield>
      </datafield>
      <marc:datafield tag="852" ind1=" " ind2=" ">
         <marc:subfield code="b">Institute for the Study of the Ancient World, </marc:subfield>
         <marc:subfield code="c">Small Collection</marc:subfield>
         <marc:subfield code="e">15 East 84th St., </marc:subfield>
         <marc:subfield code="e">New York, NY  10028</marc:subfield>
      </marc:datafield>
   </record>