
  
  
  
  
  
  
 
  
  <record xsi:schemaLocation="http://www.loc.gov/MARC21/slim http://www.loc.gov/standards/marcxml/schema/MARC21slim.xsd">
      <leader>00000cam  2200349 a 4500</leader>
      <controlfield tag="FMT">BK</controlfield>
      <controlfield tag="LDR">00000cam  2200349 a 4500</controlfield>
      <controlfield tag="001">003400980</controlfield>
      <controlfield tag="005">20141107103115.0</controlfield>
      <controlfield tag="008">090402s2009    enkab    b    001 0 eng</controlfield>
      <datafield tag="010" ind1=" " ind2=" ">
         <subfield code="a">2009014240</subfield>
      </datafield>
      <datafield tag="020" ind1=" " ind2=" ">
         <subfield code="a">9780521849265 (hardback)</subfield>
      </datafield>
      <datafield tag="020" ind1=" " ind2=" ">
         <subfield code="a">0521849268 (hardback)</subfield>
      </datafield>
      <datafield tag="035" ind1="7" ind2=" ">
         <subfield code="a">ybp100508415</subfield>
         <subfield code="b">99940143834</subfield>
      </datafield>
      <datafield tag="040" ind1=" " ind2=" ">
         <subfield code="a">DLC</subfield>
         <subfield code="c">DLC</subfield>
         <subfield code="d">YDXCP</subfield>
         <subfield code="d">BTCTA</subfield>
         <subfield code="d">BWK</subfield>
         <subfield code="d">BWKUK</subfield>
         <subfield code="d">UKM</subfield>
         <subfield code="d">UNA</subfield>
         <subfield code="d">GZM</subfield>
         <subfield code="d">NNU</subfield>
      </datafield>
      <datafield tag="043" ind1=" " ind2=" ">
         <subfield code="a">ac-----</subfield>
      </datafield>
      <datafield tag="050" ind1="0" ind2="0">
         <subfield code="a">DS329.4</subfield>
         <subfield code="b">.C36 2009</subfield>
      </datafield>
      <datafield tag="082" ind1="0" ind2="0">
         <subfield code="a">958.02</subfield>
         <subfield code="2">22</subfield>
      </datafield>
      <datafield tag="245" ind1="0" ind2="4">
         <subfield code="a">The Cambridge history of Inner Asia :</subfield>
         <subfield code="b">the Chinggisid Age /</subfield>
         <subfield code="c">edited by Nicola Di Cosmo, Allen J. Frank and Peter B. Golden.</subfield>
      </datafield>
      <datafield tag="246" ind1="3" ind2="0">
         <subfield code="a">History of Inner Asia</subfield>
      </datafield>
      <datafield tag="246" ind1="3" ind2="0">
         <subfield code="a">Chinggisid age</subfield>
      </datafield>
      <datafield tag="260" ind1=" " ind2=" ">
         <subfield code="a">Cambridge, UK ;</subfield>
         <subfield code="a">New York :</subfield>
         <subfield code="b">Cambridge University Press,</subfield>
         <subfield code="c">2009.</subfield>
      </datafield>
      <datafield tag="300" ind1=" " ind2=" ">
         <subfield code="a">xxvii, 488 p. :</subfield>
         <subfield code="b">ill., maps ;</subfield>
         <subfield code="c">24 cm.</subfield>
      </datafield>
      <datafield tag="504" ind1=" " ind2=" ">
         <subfield code="a">Includes bibliographical references and index.</subfield>
      </datafield>
      <datafield tag="505" ind1="0" ind2="0">
         <subfield code="t">Introduction /</subfield>
         <subfield code="r">Di Cosmo, Nicola --</subfield>
         <subfield code="r">Frank, Allen J. --</subfield>
         <subfield code="r">Golden, Peter B.</subfield>
         <subfield code="g">Pt. 1.</subfield>
         <subfield code="t">The rise of the Chinggisids.</subfield>
         <subfield code="t">Inner Asia c. 1200 /</subfield>
         <subfield code="r">Golden, Peter B. --</subfield>
         <subfield code="t">The Mongol age in Eastern Inner Asia /</subfield>
         <subfield code="r">Jackson, Peter --</subfield>
         <subfield code="t">The Mongols in Central Asia from Chinggis Khan's invasion to the rise of Temür : the Ögödeid and Chaghadaid realms /</subfield>
         <subfield code="r">Biran, Michal --</subfield>
         <subfield code="r">Golden, Peter B.tThe Jochid realm : the western steppe and Eastern Europe /</subfield>
         <subfield code="r">Vásáry, István.</subfield>
         <subfield code="g">Pt. 2.</subfield>
         <subfield code="t">Legacies of the Mongol conquests.</subfield>
         <subfield code="t">Institutional development, revenues and trade /</subfield>
         <subfield code="r">Martinez, Arsenio Peter --</subfield>
         <subfield code="t">Migrations, ethnogenesis /</subfield>
         <subfield code="r">Golden, Peter B. --</subfield>
         <subfield code="t">Islamization in the Mongol Empire /</subfield>
         <subfield code="r">Deweese, Devin --</subfield>
         <subfield code="t">Mongols as vectors for cultural transmission /</subfield>
         <subfield code="r">Allsen, Thomas T.</subfield>
         <subfield code="g">Pt. 3.</subfield>
         <subfield code="t">Ghinggiside decline: 1368-c. 1700.</subfield>
         <subfield code="t">The eastern steppe : Mongol regimes after the Yuan (1368-1636) /</subfield>
         <subfield code="r">Veit, Veronika --</subfield>
         <subfield code="t">Temür and the early Timurids to c. 1450 /</subfield>
         <subfield code="r">Manz, Beatrice Forbes --</subfield>
         <subfield code="t">The later Timurids c. 1450-1526 /</subfield>
         <subfield code="r">Dale, Stephen.</subfield>
         <subfield code="g">Pt. 4.</subfield>
         <subfield code="t">Nomads and settled peoples in Inner Asia after the Timurids.</subfield>
         <subfield code="t">Uzbeks, Qazaqs and Turkmens /</subfield>
         <subfield code="r">Bregel, Yuri --</subfield>
         <subfield code="t">The western steppe : Volga-Ural region, Siberia and the Crimea /</subfield>
         <subfield code="r">Frank, Allen J. --</subfield>
         <subfield code="t">Eastern Central Asia (Xinjiang) : 1300-1800 /</subfield>
         <subfield code="r">Millward, James --</subfield>
         <subfield code="t">The Chinggisid restoration in Central Asia : 1500-1785 /</subfield>
         <subfield code="r">McChesney, R.D. --</subfield>
         <subfield code="t">The western steppe : the Volga-Ural region, Siberia and the Crimea under Russian rule /</subfield>
         <subfield code="r">Noack, Christian.</subfield>
         <subfield code="g">Pt. 5.</subfield>
         <subfield code="t">New imperial mandates and the end of the Chinggisid era (18th-19th centuries).</subfield>
         <subfield code="t">The Qing and Inner Asia : 1636-1800 /</subfield>
         <subfield code="r">Di Cosmo, Nicola --</subfield>
         <subfield code="t">The Qazaqs and Russia /</subfield>
         <subfield code="r">Frank, Allen J. --</subfield>
         <subfield code="t">Russia and the peoples of the Volga-Ural region : 1600-1850 /</subfield>
         <subfield code="r">Frank, Allen J. --</subfield>
         <subfield code="t">The new Uzbek states : Bukhara, Khiva and Khoqand : c. 1750-1886 /</subfield>
         <subfield code="r">Bregel, Yuri.</subfield>
      </datafield>
      <datafield tag="651" ind1=" " ind2="0">
         <subfield code="a">Asia, Central</subfield>
         <subfield code="x">History.</subfield>
      </datafield>
      <datafield tag="651" ind1=" " ind2="0">
         <subfield code="a">Asia, Central</subfield>
         <subfield code="x">Civilization.</subfield>
      </datafield>
      <datafield tag="650" ind1=" " ind2="0">
         <subfield code="a">Mongols</subfield>
         <subfield code="z">Asia, Central</subfield>
         <subfield code="x">History.</subfield>
      </datafield>
      <datafield tag="650" ind1=" " ind2="0">
         <subfield code="a">Genghis Khan,</subfield>
         <subfield code="d">1162-1227</subfield>
         <subfield code="x">Influence.</subfield>
      </datafield>
      <datafield tag="700" ind1="1" ind2=" ">
         <subfield code="a">Di Cosmo, Nicola,</subfield>
         <subfield code="d">1957-</subfield>
      </datafield>
      <datafield tag="700" ind1="1" ind2=" ">
         <subfield code="a">Frank, Allen J.,</subfield>
         <subfield code="d">1964-</subfield>
      </datafield>
      <datafield tag="700" ind1="1" ind2=" ">
         <subfield code="a">Golden, Peter B.</subfield>
      </datafield>
      <datafield tag="OWN" ind1=" " ind2=" ">
         <subfield code="a">GENERAL</subfield>
      </datafield>
      <datafield tag="AVA" ind1=" " ind2=" ">
         <subfield code="a">NYU51</subfield>
         <subfield code="b">NABUD</subfield>
         <subfield code="c">Main Collection</subfield>
         <subfield code="e">unavailable</subfield>
         <subfield code="t">Unavailable</subfield>
         <subfield code="f">1</subfield>
         <subfield code="g">1</subfield>
         <subfield code="h">N</subfield>
         <subfield code="i">0</subfield>
         <subfield code="j">MAIN</subfield>
      </datafield>
      <datafield tag="AVA" ind1=" " ind2=" ">
         <subfield code="a">NYU50</subfield>
         <subfield code="b">BOBST</subfield>
         <subfield code="c">Main Collection</subfield>
         <subfield code="d">DS329.4 .C36 2009</subfield>
         <subfield code="e">available</subfield>
         <subfield code="t">Available</subfield>
         <subfield code="f">1</subfield>
         <subfield code="g">0</subfield>
         <subfield code="h">N</subfield>
         <subfield code="i">8</subfield>
         <subfield code="j">MAIN</subfield>
         <subfield code="k">0</subfield>
      </datafield>
      <datafield tag="AVA" ind1=" " ind2=" ">
         <subfield code="a">NYU50</subfield>
         <subfield code="b">NISAW</subfield>
         <subfield code="c">Small Collection</subfield>
         <subfield code="d">DS329.4 .C36 2009</subfield>
         <subfield code="e">available</subfield>
         <subfield code="t">Available</subfield>
         <subfield code="f">1</subfield>
         <subfield code="g">0</subfield>
         <subfield code="h">N</subfield>
         <subfield code="i">0</subfield>
         <subfield code="j">SMALL</subfield>
         <subfield code="k">0</subfield>
      </datafield>
      <marc:datafield tag="852" ind1=" " ind2=" ">
         <marc:subfield code="b">Institute for the Study of the Ancient World, </marc:subfield>
         <marc:subfield code="c">Small Collection</marc:subfield>
         <marc:subfield code="e">15 East 84th St., </marc:subfield>
         <marc:subfield code="e">New York, NY  10028</marc:subfield>
      </marc:datafield>
   </record>