
  
  
  
  
  
  
  
 
  
  <record xsi:schemaLocation="http://www.loc.gov/MARC21/slim http://www.loc.gov/standards/marcxml/schema/MARC21slim.xsd">
      <leader>00000cam  2200709 a 4500</leader>
      <controlfield tag="FMT">BK</controlfield>
      <controlfield tag="LDR">00000cam  2200709 a 4500</controlfield>
      <controlfield tag="001">002569226</controlfield>
      <controlfield tag="003">OCoLC</controlfield>
      <controlfield tag="005">20141110110839.0</controlfield>
      <controlfield tag="008">790716r19591912nyu      b    001 0 eng d</controlfield>
      <datafield tag="010" ind1=" " ind2=" ">
         <subfield code="a">58007111</subfield>
      </datafield>
      <datafield tag="015" ind1=" " ind2=" ">
         <subfield code="a">GB60-14293</subfield>
      </datafield>
      <datafield tag="016" ind1="7" ind2=" ">
         <subfield code="a">000461322</subfield>
         <subfield code="2">Uk</subfield>
      </datafield>
      <datafield tag="035" ind1=" " ind2=" ">
         <subfield code="a">(OCoLC)5175735</subfield>
         <subfield code="z">(OCoLC)374851</subfield>
         <subfield code="z">(OCoLC)318316038</subfield>
      </datafield>
      <datafield tag="040" ind1=" " ind2=" ">
         <subfield code="a">TLT</subfield>
         <subfield code="b">eng</subfield>
         <subfield code="c">TLT</subfield>
         <subfield code="d">OCL</subfield>
         <subfield code="d">WSU</subfield>
         <subfield code="d">UKM</subfield>
         <subfield code="d">OCLCQ</subfield>
         <subfield code="d">OCLCG</subfield>
         <subfield code="d">WY@</subfield>
         <subfield code="d">GEQ</subfield>
         <subfield code="d">ZZAND</subfield>
         <subfield code="d">DEBBG</subfield>
         <subfield code="d">ALAUL</subfield>
         <subfield code="d">UKMGB</subfield>
         <subfield code="d">GBVCP</subfield>
         <subfield code="d">OCLCQ</subfield>
         <subfield code="d">OCLCF</subfield>
         <subfield code="d">OCLCA</subfield>
         <subfield code="d">OCLCQ</subfield>
         <subfield code="d">NNU</subfield>
      </datafield>
      <datafield tag="043" ind1=" " ind2=" ">
         <subfield code="a">f-ua---</subfield>
      </datafield>
      <datafield tag="050" ind1="0" ind2="0">
         <subfield code="a">BL2441</subfield>
         <subfield code="b">.B7 1959</subfield>
      </datafield>
      <datafield tag="082" ind1="0" ind2="4">
         <subfield code="a">299.31</subfield>
         <subfield code="2">18</subfield>
      </datafield>
      <datafield tag="100" ind1="1" ind2=" ">
         <subfield code="a">Breasted, James Henry,</subfield>
         <subfield code="d">1865-1935.</subfield>
      </datafield>
      <datafield tag="245" ind1="1" ind2="0">
         <subfield code="a">Development of religion and thought in ancient Egypt /</subfield>
         <subfield code="c">James Henry Breasted ; introduction by John A. Wilson.</subfield>
      </datafield>
      <datafield tag="250" ind1=" " ind2=" ">
         <subfield code="a">1st Harper Torchbbok ed.</subfield>
      </datafield>
      <datafield tag="260" ind1=" " ind2=" ">
         <subfield code="a">New York :</subfield>
         <subfield code="b">Harper,</subfield>
         <subfield code="c">1959.</subfield>
      </datafield>
      <datafield tag="300" ind1=" " ind2=" ">
         <subfield code="a">379 pages ;</subfield>
         <subfield code="c">22 cm.</subfield>
      </datafield>
      <datafield tag="336" ind1=" " ind2=" ">
         <subfield code="a">text</subfield>
         <subfield code="b">txt</subfield>
         <subfield code="2">rdacontent</subfield>
      </datafield>
      <datafield tag="337" ind1=" " ind2=" ">
         <subfield code="a">unmediated</subfield>
         <subfield code="b">n</subfield>
         <subfield code="2">rdamedia</subfield>
      </datafield>
      <datafield tag="338" ind1=" " ind2=" ">
         <subfield code="a">volume</subfield>
         <subfield code="b">nc</subfield>
         <subfield code="2">rdacarrier</subfield>
      </datafield>
      <datafield tag="490" ind1="1" ind2=" ">
         <subfield code="a">Harper Torchbook ;</subfield>
         <subfield code="v">TB-57</subfield>
      </datafield>
      <datafield tag="500" ind1=" " ind2=" ">
         <subfield code="a">ISAW copy is from the Library of Hayim and Miriam Tadmor.</subfield>
         <subfield code="5">NNU</subfield>
      </datafield>
      <datafield tag="504" ind1=" " ind2=" ">
         <subfield code="a">Includes bibliographical references and index.</subfield>
      </datafield>
      <datafield tag="505" ind1="1" ind2="0">
         <subfield code="g">LECTURE I.</subfield>
         <subfield code="t">Nature and the State Make Their Impression on Religion --</subfield>
         <subfield code="t">Earliest Systems --</subfield>
         <subfield code="g">LECTURE II.</subfield>
         <subfield code="t">Life after Death --</subfield>
         <subfield code="t">The Sojourn in the Tomb --</subfield>
         <subfield code="t">Death Makes Its Impression on Religion (Period: earliest times to 25th century B.C.) --</subfield>
         <subfield code="g">LECTURE III.</subfield>
         <subfield code="t">Realms of the Dead --</subfield>
         <subfield code="t">The Pyramid Texts ---</subfield>
         <subfield code="t">The Ascent to the Sky (Period: 30th to 25th century B.C.) --</subfield>
         <subfield code="g">LECTURE IV.</subfield>
         <subfield code="t">Realms of the Dead --</subfield>
         <subfield code="t">The Earliest Celestial Hereafter (Period: 30th to 25th century B.C.) --</subfield>
         <subfield code="g">LECTURE V.</subfield>
         <subfield code="t">The Osirianization of the Hereafter (Period: 30th to 25th century B.C.) --</subfield>
         <subfield code="g">LECTURE VI.</subfield>
         <subfield code="t">Emergence of the Moral Sense ---</subfield>
         <subfield code="t">Moral Worthiness and the Hereafter ---</subfield>
         <subfield code="t">Scepticism and the Problem of Suffering (29th century to 18th century B.C.) --</subfield>
         <subfield code="g">LECTURE VII.</subfield>
         <subfield code="t">The Social Forces Make Their Impression on Religion --</subfield>
         <subfield code="t">The Earliest Social Regeneration (Period: 22d to 18th century B.C.) --</subfield>
         <subfield code="g">LECTURE VIII.</subfield>
         <subfield code="t">Popularization of the Old Royal Hereafter --</subfield>
         <subfield code="t">Triumph of Osiris --</subfield>
         <subfield code="t">Conscience and the Book of the Dead --</subfield>
         <subfield code="t">Magic and Morals (Period: 22d century to 1350 B.C.) --</subfield>
         <subfield code="g">LECTURE IX.</subfield>
         <subfield code="t">The Imperial Age --</subfield>
         <subfield code="t">The World-State Makes Its Impression on Religion --</subfield>
         <subfield code="t">Earliest Monotheism ---</subfield>
         <subfield code="t">Ikhnaton (Period: 1580 to 1350 B.C.) --</subfield>
         <subfield code="g">LECTURE X.</subfield>
         <subfield code="t">The Age of Personal Piety --</subfield>
         <subfield code="t">Sacerdotalism and Final Decadence (Period: 1350 B.C. on.).</subfield>
      </datafield>
      <datafield tag="520" ind1=" " ind2=" ">
         <subfield code="a">"Contrary to the popular and current impression, the most important body of sacred literature in Egypt is not the Book of the Dead, but a much older literature which we now call the "Pyramid Texts." These texts, preserved in the Fifth and Sixth Dynasty Pyramids at Sakkara, form the oldest body of literature surviving from the ancient world and disclose to us the earliest chapter in the intellectual history of man as preserved to modern times. They are to the study of Egyptian language and civilization what the Vedas have been in the study of early East Indian and Aryan culture. Discovered in 1880-81, they were published by Maspero in a pioneer edition which will always remain a great achievement and a landmark in the history of Egyptology. The fact that progress has been made in the publication of such epigraphic work is no reflection upon the devoted labors of the distinguished first editor of the Pyramid Texts ... It was therefore with peculiar pleasure that just after the appearance of Sethe's edition of the Pyramid Texts I received President Francis Brown's very cordial invitation to deliver the Morse Lectures at Union Theological Seminary on some subject in Egyptian life and civilization. While it was obviously desirable at this juncture to choose a subject which would involve some account of the Pyramid Texts, it was equally desirable to assign them their proper place in the development of Egyptian civilization. This latter desideratum led to a rather more ambitious subject than the time available before the delivery of the lectures would permit to treat exhaustively, viz., to trace the development of Egyptian religion in its relation to life and thought."--Preface (p. xiii-xiv).</subfield>
      </datafield>
      <datafield tag="530" ind1=" " ind2=" ">
         <subfield code="a">Also available online.</subfield>
      </datafield>
      <datafield tag="538" ind1=" " ind2=" ">
         <subfield code="a">System requirements: World Wide Web, Pdf.</subfield>
      </datafield>
      <datafield tag="500" ind1=" " ind2=" ">
         <subfield code="a">"Reprinted by arrangement with Charles Scribner's Sons, which published the original edition in 1912"--Title page verso.</subfield>
      </datafield>
      <datafield tag="651" ind1=" " ind2="0">
         <subfield code="a">Egypt</subfield>
         <subfield code="x">Religion.</subfield>
      </datafield>
      <datafield tag="651" ind1=" " ind2="0">
         <subfield code="a">Egypt</subfield>
         <subfield code="x">Religion</subfield>
         <subfield code="x">History.</subfield>
      </datafield>
      <datafield tag="650" ind1=" " ind2="0">
         <subfield code="a">Religion</subfield>
         <subfield code="x">History.</subfield>
      </datafield>
      <datafield tag="650" ind1=" " ind2="7">
         <subfield code="a">Religion.</subfield>
         <subfield code="2">fast</subfield>
         <subfield code="0">(OCoLC)fst01093763</subfield>
      </datafield>
      <datafield tag="651" ind1=" " ind2="7">
         <subfield code="a">Egypt.</subfield>
         <subfield code="2">fast</subfield>
         <subfield code="0">(OCoLC)fst01208755</subfield>
      </datafield>
      <datafield tag="650" ind1="0" ind2="7">
         <subfield code="a">Religion.</subfield>
         <subfield code="2">swd</subfield>
      </datafield>
      <datafield tag="651" ind1=" " ind2="7">
         <subfield code="a">Ägypten (Altertum)</subfield>
         <subfield code="2">swd</subfield>
      </datafield>
      <datafield tag="653" ind1=" " ind2="0">
         <subfield code="a">Egypt</subfield>
         <subfield code="a">Religion</subfield>
      </datafield>
      <datafield tag="655" ind1=" " ind2="7">
         <subfield code="a">History.</subfield>
         <subfield code="2">fast</subfield>
         <subfield code="0">(OCoLC)fst01411628</subfield>
      </datafield>
      <datafield tag="796" ind1="1" ind2=" ">
         <subfield code="a">Tadmor, Hayim,</subfield>
         <subfield code="e">former owner.</subfield>
      </datafield>
      <datafield tag="796" ind1="1" ind2=" ">
         <subfield code="a">Tadmor, Miriam,</subfield>
         <subfield code="e">former owner.</subfield>
      </datafield>
      <datafield tag="797" ind1="2" ind2=" ">
         <subfield code="a">Tadmor Collection.</subfield>
      </datafield>
      <datafield tag="700" ind1="1" ind2=" ">
         <subfield code="a">Wilson, John Albert,</subfield>
         <subfield code="d">1899-1976</subfield>
         <subfield code="e">Intr.</subfield>
      </datafield>
      <datafield tag="776" ind1="0" ind2="8">
         <subfield code="i">Online version:</subfield>
         <subfield code="a">Breasted, James Henry, 1865-1935.</subfield>
         <subfield code="t">Development of religion and thought in ancient Egypt.</subfield>
         <subfield code="d">New York : Harper, [1959]</subfield>
         <subfield code="w">(OCoLC)647443518</subfield>
      </datafield>
      <datafield tag="830" ind1=" " ind2="0">
         <subfield code="a">Harper torchbooks</subfield>
      </datafield>
      <datafield tag="OWN" ind1=" " ind2=" ">
         <subfield code="a">GENERAL</subfield>
      </datafield>
      <datafield tag="950" ind1=" " ind2=" ">
         <subfield code="l">BStack</subfield>
         <subfield code="a">BL2441</subfield>
         <subfield code="b">.B82 1959</subfield>
         <subfield code="i">01/01/01 N</subfield>
         <subfield code="x">1</subfield>
      </datafield>
      <datafield tag="AVA" ind1=" " ind2=" ">
         <subfield code="a">NYU50</subfield>
         <subfield code="b">BOBST</subfield>
         <subfield code="c">Main Collection</subfield>
         <subfield code="d">BL2441 .B82 1959</subfield>
         <subfield code="e">available</subfield>
         <subfield code="t">Available</subfield>
         <subfield code="f">2</subfield>
         <subfield code="g">0</subfield>
         <subfield code="h">N</subfield>
         <subfield code="i">7</subfield>
         <subfield code="j">MAIN</subfield>
         <subfield code="k">0</subfield>
      </datafield>
      <datafield tag="AVA" ind1=" " ind2=" ">
         <subfield code="a">NYU50</subfield>
         <subfield code="b">NISAW</subfield>
         <subfield code="c">Small Collection</subfield>
         <subfield code="d">BL2441 .B7 1959</subfield>
         <subfield code="e">available</subfield>
         <subfield code="t">Available</subfield>
         <subfield code="f">1</subfield>
         <subfield code="g">0</subfield>
         <subfield code="h">N</subfield>
         <subfield code="i">0</subfield>
         <subfield code="j">SMALL</subfield>
         <subfield code="k">0</subfield>
      </datafield>
      <marc:datafield tag="852" ind1=" " ind2=" ">
         <marc:subfield code="b">Institute for the Study of the Ancient World, </marc:subfield>
         <marc:subfield code="c">Small Collection</marc:subfield>
         <marc:subfield code="e">15 East 84th St., </marc:subfield>
         <marc:subfield code="e">New York, NY  10028</marc:subfield>
      </marc:datafield>
      <datafield tag="AVA" ind1=" " ind2=" ">
         <subfield code="a">NYU50</subfield>
         <subfield code="b">WEB</subfield>
         <subfield code="c">Internet Resources</subfield>
         <subfield code="d">BL2441 .B7 1959 Electronic access</subfield>
         <subfield code="e">check_holdings</subfield>
         <subfield code="t">Check Holdings</subfield>
         <subfield code="j">GENI</subfield>
         <subfield code="k">0</subfield>
      </datafield>
   </record>