
  
  
  
  
  
  
  
 
  
  <record xsi:schemaLocation="http://www.loc.gov/MARC21/slim http://www.loc.gov/standards/marcxml/schema/MARC21slim.xsd">
      <leader>00000cam  2200805 a 4500</leader>
      <controlfield tag="FMT">BK</controlfield>
      <controlfield tag="LDR">00000cam  2200805 a 4500</controlfield>
      <controlfield tag="001">000550046</controlfield>
      <controlfield tag="003">OCoLC</controlfield>
      <controlfield tag="005">20141110093613.0</controlfield>
      <controlfield tag="008">071023s2007    enkab    b    001 0 eng</controlfield>
      <datafield tag="010" ind1=" " ind2=" ">
         <subfield code="a">2007278024</subfield>
      </datafield>
      <datafield tag="015" ind1=" " ind2=" ">
         <subfield code="a">GBA655492</subfield>
         <subfield code="2">bnb</subfield>
      </datafield>
      <datafield tag="016" ind1="7" ind2=" ">
         <subfield code="a">013494557</subfield>
         <subfield code="2">Uk</subfield>
      </datafield>
      <datafield tag="020" ind1=" " ind2=" ">
         <subfield code="a">9780197263846 (hbk.)</subfield>
      </datafield>
      <datafield tag="020" ind1=" " ind2=" ">
         <subfield code="a">0197263844 (hbk.)</subfield>
      </datafield>
      <datafield tag="035" ind1=" " ind2=" ">
         <subfield code="a">(OCoLC)70173198</subfield>
      </datafield>
      <datafield tag="040" ind1=" " ind2=" ">
         <subfield code="a">UKM</subfield>
         <subfield code="b">eng</subfield>
         <subfield code="c">UKM</subfield>
         <subfield code="d">DLC</subfield>
         <subfield code="d">BAKER</subfield>
         <subfield code="d">BTCTA</subfield>
         <subfield code="d">BWKUK</subfield>
         <subfield code="d">YDXCP</subfield>
         <subfield code="d">IXA</subfield>
         <subfield code="d">NDD</subfield>
         <subfield code="d">YBM</subfield>
         <subfield code="d">MUQ</subfield>
         <subfield code="d">MNW</subfield>
         <subfield code="d">HEBIS</subfield>
         <subfield code="d">OCLCO</subfield>
         <subfield code="d">OCLCA</subfield>
         <subfield code="d">UKMGB</subfield>
         <subfield code="d">OCLCF</subfield>
         <subfield code="d">WEA</subfield>
         <subfield code="d">NNU</subfield>
      </datafield>
      <datafield tag="042" ind1=" " ind2=" ">
         <subfield code="a">lccopycat</subfield>
      </datafield>
      <datafield tag="050" ind1="0" ind2="0">
         <subfield code="a">DS329.4</subfield>
         <subfield code="b">.A374 2007</subfield>
      </datafield>
      <datafield tag="082" ind1="0" ind2="4">
         <subfield code="a">958.01</subfield>
         <subfield code="2">22</subfield>
      </datafield>
      <datafield tag="090" ind1=" " ind2=" ">
         <subfield code="a">AS122</subfield>
         <subfield code="b">.L5 vol.133</subfield>
      </datafield>
      <datafield tag="245" ind1="0" ind2="0">
         <subfield code="a">After Alexander :</subfield>
         <subfield code="b">Central Asia before Islam /</subfield>
         <subfield code="c">edited by Joe Cribb &amp; Georgina Herrmann.</subfield>
      </datafield>
      <datafield tag="260" ind1=" " ind2=" ">
         <subfield code="a">Oxford ;</subfield>
         <subfield code="a">New York :</subfield>
         <subfield code="b">Published for The British Academy by Oxford University Press,</subfield>
         <subfield code="c">2007.</subfield>
      </datafield>
      <datafield tag="300" ind1=" " ind2=" ">
         <subfield code="a">xvi, 514 p., [8] p. of plates :</subfield>
         <subfield code="b">ill. (some col.), maps ;</subfield>
         <subfield code="c">26 cm.</subfield>
      </datafield>
      <datafield tag="490" ind1="1" ind2=" ">
         <subfield code="a">Proceedings of the British Academy,</subfield>
         <subfield code="x">0068-1202 ;</subfield>
         <subfield code="v">133</subfield>
      </datafield>
      <datafield tag="500" ind1=" " ind2=" ">
         <subfield code="a">Maps on lining paper.</subfield>
      </datafield>
      <datafield tag="504" ind1=" " ind2=" ">
         <subfield code="a">Includes bibliographical references and index.</subfield>
      </datafield>
      <datafield tag="505" ind1="0" ind2="0">
         <subfield code="t">Central Asia: West and East /</subfield>
         <subfield code="r">John Boardman --</subfield>
         <subfield code="t">Nomads and the shaping of Central Asia: from the Early Iron Age to the Kushan Period /</subfield>
         <subfield code="r">Claude Rapin --</subfield>
         <subfield code="t">Nomad migration in Central Asia /</subfield>
         <subfield code="r">Kazim Abdullaev --</subfield>
         <subfield code="t">Regions and territories in Southern Central Asia: what the Surkham Darya Province tells us about Bactria /</subfield>
         <subfield code="r">Sebastian Stride --</subfield>
         <subfield code="t">Bactria, Land of a thousand cities /</subfield>
         <subfield code="r">Pierre Leriche --</subfield>
         <subfield code="t">Ai Khanum reconstructed /</subfield>
         <subfield code="r">Guy Lecuyot --</subfield>
         <subfield code="t">The culture of Parthian Nisa between Steppe and empire /</subfield>
         <subfield code="r">Antonio Invernizzi --</subfield>
         <subfield code="t">Termez in Antiquity /</subfield>
         <subfield code="r">Pierre Leriche &amp; Shakir Pidaev --</subfield>
         <subfield code="t">The arrangement of buildings in the quarters of a Sogdian City /</subfield>
         <subfield code="r">Grigory Semyenov --</subfield>
         <subfield code="t">Ardashir's Eastern campaign and the Numismatic evidence /</subfield>
         <subfield code="r">Michael Alram --</subfield>
         <subfield code="t">The Sasanian relief at Rag-i Bibi (Northern Afghanistan) /</subfield>
         <subfield code="r">Frantz Grenet ...[et al.] --</subfield>
         <subfield code="t">The fortifications at Gobekly-depe /</subfield>
         <subfield code="r">G.A. Koshelenko --</subfield>
         <subfield code="t">The Bullae of Gobekly-depe /</subfield>
         <subfield code="r">Vasif Gaibov --</subfield>
         <subfield code="t">Gorgân and Dehistan: the North-East frontier of the Iranian Empire /</subfield>
         <subfield code="r">Olivier Lecomte --</subfield>
         <subfield code="t">The fortifications of the City of Gyaur Kala, Merv /</subfield>
         <subfield code="r">V.A. Zavyalov --</subfield>
         <subfield code="t">Money as a marker of cultural continuity and change in Central Asia /</subfield>
         <subfield code="r">Joe Cribb --</subfield>
         <subfield code="t">Some questions regarding the numismatics of Pre-Islamic Merv /</subfield>
         <subfield code="r">Natasha Smirnova --</subfield>
         <subfield code="t">Monetary circulation in ancient Tokharistan /</subfield>
         <subfield code="r">Edvard Rtveladze --</subfield>
         <subfield code="t">Money in Eastern Central Asia before AD 800 /</subfield>
         <subfield code="r">Helen Wang --</subfield>
         <subfield code="t">Religion iconography on Ancient Iranian coins /</subfield>
         <subfield code="r">Vesta Sarkhosh Curtis --</subfield>
         <subfield code="t">The Fire Temple at Tash-k'irman Tepe, Chorasmia /</subfield>
         <subfield code="r">Alison V.G. Betts &amp; Vadim N. Yagodin --</subfield>
         <subfield code="t">A tower of silence of the Sasanian Period at Bandiyan: some observations about Dakhmas in Zoroastrian religion /</subfield>
         <subfield code="r">Mehdi Rahbar --</subfield>
         <subfield code="t">Buddhism and features of the Buddhist Art of Bactria-Tokharistan /</subfield>
         <subfield code="r">Tigran Mkrtychev.</subfield>
      </datafield>
      <datafield tag="530" ind1=" " ind2=" ">
         <subfield code="a">Also issued online.</subfield>
      </datafield>
      <datafield tag="651" ind1=" " ind2="0">
         <subfield code="a">Asia, Central</subfield>
         <subfield code="x">History.</subfield>
      </datafield>
      <datafield tag="651" ind1=" " ind2="0">
         <subfield code="a">Asia, Central</subfield>
         <subfield code="x">Antiquities.</subfield>
      </datafield>
      <datafield tag="650" ind1=" " ind2="0">
         <subfield code="a">Excavations (Archaeology)</subfield>
         <subfield code="z">Asia, Central.</subfield>
      </datafield>
      <datafield tag="650" ind1=" " ind2="0">
         <subfield code="a">Numismatics</subfield>
         <subfield code="z">Asia, Central.</subfield>
      </datafield>
      <datafield tag="650" ind1=" " ind2="6">
         <subfield code="a">Fouilles (Archéologie)</subfield>
         <subfield code="z">Asie centrale</subfield>
         <subfield code="v">Congrès.</subfield>
      </datafield>
      <datafield tag="651" ind1=" " ind2="6">
         <subfield code="a">Asie centrale</subfield>
         <subfield code="x">Histoire</subfield>
         <subfield code="v">Congrès.</subfield>
      </datafield>
      <datafield tag="651" ind1=" " ind2="6">
         <subfield code="a">Asie centrale</subfield>
         <subfield code="x">Antiquités</subfield>
         <subfield code="v">Congrès.</subfield>
      </datafield>
      <datafield tag="651" ind1=" " ind2="7">
         <subfield code="a">London &lt;2004&gt;</subfield>
         <subfield code="2">swd</subfield>
      </datafield>
      <datafield tag="651" ind1=" " ind2="7">
         <subfield code="a">Zentralasien.</subfield>
         <subfield code="2">swd</subfield>
      </datafield>
      <datafield tag="650" ind1=" " ind2="7">
         <subfield code="a">Antiquities.</subfield>
         <subfield code="2">fast</subfield>
         <subfield code="0">(OCoLC)fst00810745</subfield>
      </datafield>
      <datafield tag="650" ind1=" " ind2="7">
         <subfield code="a">Excavations (Archaeology)</subfield>
         <subfield code="2">fast</subfield>
         <subfield code="0">(OCoLC)fst00917564</subfield>
      </datafield>
      <datafield tag="650" ind1=" " ind2="7">
         <subfield code="a">Numismatics.</subfield>
         <subfield code="2">fast</subfield>
         <subfield code="0">(OCoLC)fst01041327</subfield>
      </datafield>
      <datafield tag="651" ind1=" " ind2="7">
         <subfield code="a">Asia, Central.</subfield>
         <subfield code="2">fast</subfield>
         <subfield code="0">(OCoLC)fst01240497</subfield>
      </datafield>
      <datafield tag="655" ind1=" " ind2="7">
         <subfield code="a">History.</subfield>
         <subfield code="2">fast</subfield>
         <subfield code="0">(OCoLC)fst01411628</subfield>
      </datafield>
      <datafield tag="700" ind1="1" ind2=" ">
         <subfield code="a">Cribb, Joe.</subfield>
      </datafield>
      <datafield tag="700" ind1="1" ind2=" ">
         <subfield code="a">Herrmann, Georgina.</subfield>
      </datafield>
      <datafield tag="710" ind1="2" ind2=" ">
         <subfield code="a">British Academy.</subfield>
      </datafield>
      <datafield tag="776" ind1="0" ind2="8">
         <subfield code="i">Online version:</subfield>
         <subfield code="t">After Alexander.</subfield>
         <subfield code="d">Oxford ; New York : Published for The British Academy by Oxford University Press, 2007</subfield>
         <subfield code="w">(OCoLC)608376192</subfield>
      </datafield>
      <datafield tag="830" ind1=" " ind2="0">
         <subfield code="a">Proceedings of the British Academy ;</subfield>
         <subfield code="v">133.</subfield>
         <subfield code="x">0068-1202</subfield>
      </datafield>
      <datafield tag="OWN" ind1=" " ind2=" ">
         <subfield code="a">GENERAL</subfield>
      </datafield>
      <datafield tag="AVA" ind1=" " ind2=" ">
         <subfield code="a">NYU50</subfield>
         <subfield code="b">BOBST</subfield>
         <subfield code="c">Main Collection</subfield>
         <subfield code="d">AS122 .L5 vol.133</subfield>
         <subfield code="e">available</subfield>
         <subfield code="t">Available</subfield>
         <subfield code="f">1</subfield>
         <subfield code="g">0</subfield>
         <subfield code="h">N</subfield>
         <subfield code="i">4</subfield>
         <subfield code="j">MAIN</subfield>
         <subfield code="k">0</subfield>
      </datafield>
      <datafield tag="AVA" ind1=" " ind2=" ">
         <subfield code="a">NYU50</subfield>
         <subfield code="b">NIFA</subfield>
         <subfield code="c">Main Collection</subfield>
         <subfield code="d">AS122 .L5 vol.133 Non-circulating</subfield>
         <subfield code="e">unavailable</subfield>
         <subfield code="t">Unavailable</subfield>
         <subfield code="f">1</subfield>
         <subfield code="g">1</subfield>
         <subfield code="h">N</subfield>
         <subfield code="i">0</subfield>
         <subfield code="j">MAIN</subfield>
         <subfield code="k">0</subfield>
      </datafield>
      <datafield tag="AVA" ind1=" " ind2=" ">
         <subfield code="a">NYU50</subfield>
         <subfield code="b">NISAW</subfield>
         <subfield code="c">Large Collection</subfield>
         <subfield code="d">DS329.4 .A374 2007</subfield>
         <subfield code="e">available</subfield>
         <subfield code="t">Available</subfield>
         <subfield code="f">1</subfield>
         <subfield code="g">0</subfield>
         <subfield code="h">N</subfield>
         <subfield code="i">0</subfield>
         <subfield code="j">LARGE</subfield>
         <subfield code="k">0</subfield>
      </datafield>
      <marc:datafield tag="852" ind1=" " ind2=" ">
         <marc:subfield code="b">Institute for the Study of the Ancient World, </marc:subfield>
         <marc:subfield code="c">Large Collection</marc:subfield>
         <marc:subfield code="e">15 East 84th St., </marc:subfield>
         <marc:subfield code="e">New York, NY  10028</marc:subfield>
      </marc:datafield>
   </record>