
  
  
  
  
  
 
  
  <record xsi:schemaLocation="http://www.loc.gov/MARC21/slim http://www.loc.gov/standards/marcxml/schema/MARC21slim.xsd">
      <leader>00000cam  22005415a 4500</leader>
      <controlfield tag="FMT">BK</controlfield>
      <controlfield tag="LDR">00000cam  22005415a 4500</controlfield>
      <controlfield tag="001">004067650</controlfield>
      <controlfield tag="003">OCoLC</controlfield>
      <controlfield tag="005">20141111153258.0</controlfield>
      <controlfield tag="008">141111s2000    enkab    b    001 0 eng d</controlfield>
      <datafield tag="010" ind1=" " ind2=" ">
         <subfield code="a">99039504</subfield>
      </datafield>
      <datafield tag="020" ind1=" " ind2=" ">
         <subfield code="a">0312223986 (cloth : N. America)</subfield>
      </datafield>
      <datafield tag="020" ind1=" " ind2=" ">
         <subfield code="a">9780312223984 (cloth : N. America)</subfield>
      </datafield>
      <datafield tag="020" ind1=" " ind2=" ">
         <subfield code="a">0333643321 (outside N. America)</subfield>
      </datafield>
      <datafield tag="020" ind1=" " ind2=" ">
         <subfield code="a">9780333643327 (outside N. America)</subfield>
      </datafield>
      <datafield tag="035" ind1=" " ind2=" ">
         <subfield code="a">(OCoLC)426295982</subfield>
      </datafield>
      <datafield tag="040" ind1=" " ind2=" ">
         <subfield code="a">CNCGM</subfield>
         <subfield code="b">eng</subfield>
         <subfield code="c">CNCGM</subfield>
         <subfield code="d">QE2</subfield>
         <subfield code="d">HEBIS</subfield>
         <subfield code="d">OCLCF</subfield>
         <subfield code="d">NNU</subfield>
      </datafield>
      <datafield tag="050" ind1=" " ind2="4">
         <subfield code="a">CC72.4</subfield>
         <subfield code="b">.C43 2000b</subfield>
      </datafield>
      <datafield tag="082" ind1="0" ind2="0">
         <subfield code="a">930.1</subfield>
         <subfield code="2">21</subfield>
      </datafield>
      <datafield tag="245" ind1="0" ind2="0">
         <subfield code="a">Gender and material culture in archaeological perspective /</subfield>
         <subfield code="c">edited by Moira Donald and Linda Hurcombe.</subfield>
      </datafield>
      <datafield tag="260" ind1=" " ind2=" ">
         <subfield code="a">Basingstoke, Hampshire [England] ;</subfield>
         <subfield code="a">New York :</subfield>
         <subfield code="b">Palgrave Macmillan,</subfield>
         <subfield code="c">c2000.</subfield>
      </datafield>
      <datafield tag="300" ind1=" " ind2=" ">
         <subfield code="a">xxiv, 275 p. :</subfield>
         <subfield code="b">ill., map ;</subfield>
         <subfield code="c">23 cm.</subfield>
      </datafield>
      <datafield tag="490" ind1="1" ind2=" ">
         <subfield code="a">Studies in gender and material culture</subfield>
      </datafield>
      <datafield tag="504" ind1=" " ind2=" ">
         <subfield code="a">Includes bibliographical references and index.</subfield>
      </datafield>
      <datafield tag="505" ind1="0" ind2="0">
         <subfield code="t">Material culture of the homosexual male : a case for archaeological exploration /</subfield>
         <subfield code="r">Matthews, Keith --</subfield>
         <subfield code="t">Sisters are doing it for themselves? Gender, feminism and Australian (Aboriginal) archaeology /</subfield>
         <subfield code="r">Colley, Sarah --</subfield>
         <subfield code="t">Sexist present, a human-less past : museum archaeology in Greece /</subfield>
         <subfield code="r">Kokkinidou, Dimitra --</subfield>
         <subfield code="r">Nikolaidou, Marianna --</subfield>
         <subfield code="t">Gender : enabling perspective or politically correct term? An analysis of how gender and material culture are viewed by 1990s' academia /</subfield>
         <subfield code="r">Baker, Mary --</subfield>
         <subfield code="t">Gender and craft innovation : proposal of a model /</subfield>
         <subfield code="r">Senior, Louise M. --</subfield>
         <subfield code="t">Time, skill and craft specialization as gender relations /</subfield>
         <subfield code="r">Hurcombe, Linda --</subfield>
         <subfield code="t">Time, gender and production : a critical evaluation of archaeological time concepts /</subfield>
         <subfield code="r">Damm, Charlotte Brysting --</subfield>
         <subfield code="t">Who lights the fire? Gender and the energy of production /</subfield>
         <subfield code="r">Moore, Jenny --</subfield>
         <subfield code="t">Long handled weaving combs : problems in determining the gender of tool-maker and tool-user /</subfield>
         <subfield code="r">Tuohy, Tina --</subfield>
         <subfield code="t">Use of space in a gender study of two South African Stone Age sites /</subfield>
         <subfield code="r">Wadley, Lynn --</subfield>
         <subfield code="t">Gender, material culture, ritual and gender system : a prehistoric example based on sickles /</subfield>
         <subfield code="r">Johnsson, Catherine --</subfield>
         <subfield code="r">Ross, Karolina --</subfield>
         <subfield code="r">Welinder, Stig --</subfield>
         <subfield code="t">Lithic functional analysis as a means of studying gender and material culture in prehistory /</subfield>
         <subfield code="r">Owen, Linda R. --</subfield>
         <subfield code="t">Fat is a feminist issue : on ideology, diet and health in hunter-gatherer societies /</subfield>
         <subfield code="r">Zvelebil, Marek --</subfield>
         <subfield code="t">Anthropology and archaeology of Mesolithic gender in the western Baltic /</subfield>
         <subfield code="r">Meiklejohn, Chris --</subfield>
         <subfield code="r">Petersen, Erik Brinch --</subfield>
         <subfield code="r">Alexandersen, Verner --</subfield>
         <subfield code="t">Gendering of children in the Early Bronze Age cemetery at Mokrin /</subfield>
         <subfield code="r">Rega, Elizabeth --</subfield>
         <subfield code="t">Classic Maya diet and gender relationships /</subfield>
         <subfield code="r">Gerry, John --</subfield>
         <subfield code="r">Chesson, Meredith S.</subfield>
      </datafield>
      <datafield tag="650" ind1=" " ind2="0">
         <subfield code="a">Social archaeology.</subfield>
      </datafield>
      <datafield tag="650" ind1=" " ind2="0">
         <subfield code="a">Feminist archaeology.</subfield>
      </datafield>
      <datafield tag="650" ind1=" " ind2="0">
         <subfield code="a">Material culture</subfield>
         <subfield code="x">History.</subfield>
      </datafield>
      <datafield tag="650" ind1=" " ind2="0">
         <subfield code="a">Sex role</subfield>
         <subfield code="x">History.</subfield>
      </datafield>
      <datafield tag="650" ind1=" " ind2="0">
         <subfield code="a">Women</subfield>
         <subfield code="x">Social conditions.</subfield>
      </datafield>
      <datafield tag="650" ind1=" " ind2="0">
         <subfield code="a">Excavations (Archaeology)</subfield>
      </datafield>
      <datafield tag="650" ind1="0" ind2="7">
         <subfield code="a">Feminismus.</subfield>
         <subfield code="2">swd</subfield>
      </datafield>
      <datafield tag="650" ind1="0" ind2="7">
         <subfield code="a">Sozialarchäologie.</subfield>
         <subfield code="2">swd</subfield>
      </datafield>
      <datafield tag="650" ind1="0" ind2="7">
         <subfield code="a">Sachkultur.</subfield>
         <subfield code="2">swd</subfield>
      </datafield>
      <datafield tag="650" ind1="0" ind2="7">
         <subfield code="a">Geschlechterrolle.</subfield>
         <subfield code="2">swd</subfield>
      </datafield>
      <datafield tag="650" ind1=" " ind2="7">
         <subfield code="a">Excavations (Archaeology)</subfield>
         <subfield code="2">fast</subfield>
         <subfield code="0">(OCoLC)fst00917564</subfield>
      </datafield>
      <datafield tag="650" ind1=" " ind2="7">
         <subfield code="a">Feminist archaeology.</subfield>
         <subfield code="2">fast</subfield>
         <subfield code="0">(OCoLC)fst00922755</subfield>
      </datafield>
      <datafield tag="650" ind1=" " ind2="7">
         <subfield code="a">Material culture.</subfield>
         <subfield code="2">fast</subfield>
         <subfield code="0">(OCoLC)fst01011739</subfield>
      </datafield>
      <datafield tag="650" ind1=" " ind2="7">
         <subfield code="a">Sex role.</subfield>
         <subfield code="2">fast</subfield>
         <subfield code="0">(OCoLC)fst01114598</subfield>
      </datafield>
      <datafield tag="650" ind1=" " ind2="7">
         <subfield code="a">Social archaeology.</subfield>
         <subfield code="2">fast</subfield>
         <subfield code="0">(OCoLC)fst01122274</subfield>
      </datafield>
      <datafield tag="650" ind1=" " ind2="7">
         <subfield code="a">Women</subfield>
         <subfield code="x">Social conditions.</subfield>
         <subfield code="2">fast</subfield>
         <subfield code="0">(OCoLC)fst01176947</subfield>
      </datafield>
      <datafield tag="655" ind1=" " ind2="7">
         <subfield code="a">History.</subfield>
         <subfield code="2">fast</subfield>
         <subfield code="0">(OCoLC)fst01411628</subfield>
      </datafield>
      <datafield tag="700" ind1="1" ind2=" ">
         <subfield code="a">Donald, Moira</subfield>
         <subfield code="e">editor of compilation.</subfield>
      </datafield>
      <datafield tag="700" ind1="1" ind2=" ">
         <subfield code="a">Hurcombe, L. M.</subfield>
         <subfield code="q">(Linda M.)</subfield>
         <subfield code="e">editor of compilation.</subfield>
      </datafield>
      <datafield tag="830" ind1=" " ind2="0">
         <subfield code="a">Studies in gender and material culture</subfield>
      </datafield>
      <datafield tag="994" ind1=" " ind2=" ">
         <subfield code="a">Z0</subfield>
         <subfield code="b">ZYU</subfield>
      </datafield>
      <datafield tag="OWN" ind1=" " ind2=" ">
         <subfield code="a">GENERAL</subfield>
      </datafield>
      <datafield tag="AVA" ind1=" " ind2=" ">
         <subfield code="a">NYU50</subfield>
         <subfield code="b">NISAW</subfield>
         <subfield code="c">Small Collection</subfield>
         <subfield code="d">CC72.4 .C43 2000b</subfield>
         <subfield code="e">available</subfield>
         <subfield code="t">Available</subfield>
         <subfield code="f">1</subfield>
         <subfield code="g">0</subfield>
         <subfield code="h">N</subfield>
         <subfield code="i">0</subfield>
         <subfield code="j">SMALL</subfield>
         <subfield code="k">0</subfield>
      </datafield>
      <marc:datafield tag="852" ind1=" " ind2=" ">
         <marc:subfield code="b">Institute for the Study of the Ancient World, </marc:subfield>
         <marc:subfield code="c">Small Collection</marc:subfield>
         <marc:subfield code="e">15 East 84th St., </marc:subfield>
         <marc:subfield code="e">New York, NY  10028</marc:subfield>
      </marc:datafield>
   </record>