
  
  
  
  
  
  
 
  
  <record xsi:schemaLocation="http://www.loc.gov/MARC21/slim http://www.loc.gov/standards/marcxml/schema/MARC21slim.xsd">
      <leader>00000cam  2200385 i 4500</leader>
      <controlfield tag="FMT">BK</controlfield>
      <controlfield tag="LDR">00000cam  2200385 i 4500</controlfield>
      <controlfield tag="001">004066995</controlfield>
      <controlfield tag="003">OCoLC</controlfield>
      <controlfield tag="005">20150113093419.0</controlfield>
      <controlfield tag="008">140327s2014    dcuab    b    001 0 eng</controlfield>
      <datafield tag="010" ind1=" " ind2=" ">
         <subfield code="a">2014000790</subfield>
      </datafield>
      <datafield tag="035" ind1=" " ind2=" ">
         <subfield code="a">(OCoLC)881385695</subfield>
      </datafield>
      <datafield tag="040" ind1=" " ind2=" ">
         <subfield code="a">DLC</subfield>
         <subfield code="b">eng</subfield>
         <subfield code="e">rda</subfield>
         <subfield code="c">DLC</subfield>
         <subfield code="d">OCLCO</subfield>
         <subfield code="d">MAC</subfield>
         <subfield code="d">YAM</subfield>
         <subfield code="d">DAY</subfield>
         <subfield code="d">NNU</subfield>
      </datafield>
      <datafield tag="042" ind1=" " ind2=" ">
         <subfield code="a">pcc</subfield>
      </datafield>
      <datafield tag="043" ind1=" " ind2=" ">
         <subfield code="a">a-is---</subfield>
      </datafield>
      <datafield tag="050" ind1="0" ind2="0">
         <subfield code="a">DS110.J366</subfield>
         <subfield code="b">S65 2014</subfield>
      </datafield>
      <datafield tag="082" ind1="0" ind2="0">
         <subfield code="a">933/.49</subfield>
         <subfield code="2">23</subfield>
      </datafield>
      <datafield tag="245" ind1="0" ind2="4">
         <subfield code="a">The Smithsonian Institution excavation at Tell Jemmeh, Israel, 1970-1990 /</subfield>
         <subfield code="c">edited by David Ben-Shlomo and Gus W. Van Beek.</subfield>
      </datafield>
      <datafield tag="264" ind1=" " ind2="1">
         <subfield code="a">Washington, D.C. :</subfield>
         <subfield code="b">Smithsonian Institution Scholarly Press,</subfield>
         <subfield code="c">2014.</subfield>
      </datafield>
      <datafield tag="300" ind1=" " ind2=" ">
         <subfield code="a">xxxiii, 1087 pages :</subfield>
         <subfield code="b">illustrations (some colored), maps ;</subfield>
         <subfield code="c">29 cm.</subfield>
      </datafield>
      <datafield tag="336" ind1=" " ind2=" ">
         <subfield code="a">text</subfield>
         <subfield code="b">txt</subfield>
         <subfield code="2">rdacontent</subfield>
      </datafield>
      <datafield tag="336" ind1=" " ind2=" ">
         <subfield code="a">still image</subfield>
         <subfield code="b">sti</subfield>
         <subfield code="2">rdacontent</subfield>
      </datafield>
      <datafield tag="336" ind1=" " ind2=" ">
         <subfield code="a">cartographic image</subfield>
         <subfield code="b">cri</subfield>
         <subfield code="2">rdacontent</subfield>
      </datafield>
      <datafield tag="337" ind1=" " ind2=" ">
         <subfield code="a">unmediated</subfield>
         <subfield code="b">n</subfield>
         <subfield code="2">rdamedia</subfield>
      </datafield>
      <datafield tag="338" ind1=" " ind2=" ">
         <subfield code="a">volume</subfield>
         <subfield code="b">nc</subfield>
         <subfield code="2">rdacarrier</subfield>
      </datafield>
      <datafield tag="490" ind1="1" ind2=" ">
         <subfield code="a">Smithsonian contributions to anthropology,</subfield>
         <subfield code="x">0081-0223 ;</subfield>
         <subfield code="v">Number 50</subfield>
      </datafield>
      <datafield tag="504" ind1=" " ind2=" ">
         <subfield code="a">Includes bibliographical references (pages 1067-1087) and index.</subfield>
      </datafield>
      <datafield tag="505" ind1="0" ind2="0">
         <subfield code="t">List of figures --</subfield>
         <subfield code="t">List of tables --</subfield>
         <subfield code="t">Preface and acknowledgments --</subfield>
         <subfield code="t">Introduction and Background.</subfield>
         <subfield code="g">1.</subfield>
         <subfield code="t">Introduction /</subfield>
         <subfield code="r">Ben-Shlomo, David --</subfield>
         <subfield code="r">Van Beek, Gus W. --</subfield>
         <subfield code="g">2.</subfield>
         <subfield code="t">Environmental background of Tell Jemmeh /</subfield>
         <subfield code="r">Van Beek, Gus W. --</subfield>
         <subfield code="t">The Architecture, Stratigraphy and Finds From the Different Excavation Fields.</subfield>
         <subfield code="g">3.</subfield>
         <subfield code="t">Field III : the southeastern step trench /</subfield>
         <subfield code="r">Ben-Shlomo, David --</subfield>
         <subfield code="g">4.</subfield>
         <subfield code="t">Field II : the northwestern stepped trench /</subfield>
         <subfield code="r">Ben-Shlomo, David --</subfield>
         <subfield code="g">5.</subfield>
         <subfield code="t">The south trench (ST1) /</subfield>
         <subfield code="r">Ben-Shlomo, David --</subfield>
         <subfield code="g">6.</subfield>
         <subfield code="t">Field I : the late Bronze Age /</subfield>
         <subfield code="r">Ben-Shlomo, David --</subfield>
         <subfield code="g">7.</subfield>
         <subfield code="t">Field I Furnace (the kiln), Square KB, and FUR 2-FUR 3 /</subfield>
         <subfield code="r">Ben-Shlomo, David --</subfield>
         <subfield code="g">8.</subfield>
         <subfield code="t">Results from Field IV : the Iron II and later periods /</subfield>
         <subfield code="r">Ben-Shlomo, David --</subfield>
         <subfield code="g">9.</subfield>
         <subfield code="t">Bread ovens and related installations /</subfield>
         <subfield code="r">Zukerman, Alexander --</subfield>
         <subfield code="t">Pottery Studies.</subfield>
         <subfield code="g">10.</subfield>
         <subfield code="t">Decorated Canaanite pottery /</subfield>
         <subfield code="r">Choi, Gwanghyun --</subfield>
         <subfield code="g">11.</subfield>
         <subfield code="t">Imported Cypriot and Mycenaean wares and derivative wares /</subfield>
         <subfield code="r">Bergoffen, Celia J. --</subfield>
         <subfield code="g">12.</subfield>
      </datafield>
      <datafield tag="505" ind1="0" ind2="0">
         <subfield code="9"/>
         <subfield code="t">Decorated Philistine pottery /</subfield>
         <subfield code="r">Ben-Shlomo, David --</subfield>
         <subfield code="g">13.</subfield>
         <subfield code="t">Assyrian-style pottery (palace ware) /</subfield>
         <subfield code="r">Ben-Shlomo, David --</subfield>
         <subfield code="g">14.</subfield>
         <subfield code="t">"East-Greek" and Greek imported pottery of the first millennium BCE /</subfield>
         <subfield code="r">Martin, S. Rebecca --</subfield>
         <subfield code="g">15.</subfield>
         <subfield code="t">Petrographic analysis of pottery : Chalcolithic to Persian period /</subfield>
         <subfield code="r">Ben-Shlomo, David --</subfield>
         <subfield code="g">16.</subfield>
         <subfield code="t">Computerized documentation and analysis of pottery vessels /</subfield>
         <subfield code="r">Karaskik, Avshalom --</subfield>
         <subfield code="t">Small Finds Studies.</subfield>
         <subfield code="g">17.</subfield>
         <subfield code="t">Ceramic figurines and figurative terra-cottas /</subfield>
         <subfield code="r">Ben-Shlomo, David --</subfield>
         <subfield code="r">Gardiner, Ron --</subfield>
         <subfield code="r">Van Beek, Gus --</subfield>
         <subfield code="g">18.</subfield>
         <subfield code="t">Worked sherds /</subfield>
         <subfield code="r">Ben-Shlomo, David --</subfield>
         <subfield code="r">Gardiner, Ron --</subfield>
         <subfield code="g">19.</subfield>
         <subfield code="t">Ceramic objects : marked pottery, mud objects, and various ceramic artifacts /</subfield>
         <subfield code="r">Ben-Shlomo, David --</subfield>
         <subfield code="g">20.</subfield>
         <subfield code="t">Clay sealings and seal impressions /</subfield>
         <subfield code="r">Ben-Shlomo, David --</subfield>
         <subfield code="r">Keel, Othmar --</subfield>
         <subfield code="g">21.</subfield>
         <subfield code="t">Non-jewelry metal objects /</subfield>
         <subfield code="r">Ben-Shlomo, David --</subfield>
         <subfield code="r">Gardiner, Ron --</subfield>
         <subfield code="g">22.</subfield>
         <subfield code="t">Metallic and nonmetallic jewelry objects /</subfield>
         <subfield code="r">Golani, Amir --</subfield>
         <subfield code="g">23.</subfield>
         <subfield code="t">Stone artifacts assemblage from Tel Jemmeh /</subfield>
      </datafield>
      <datafield tag="505" ind1="0" ind2="0">
         <subfield code="9"/>
         <subfield code="r">Rowan, Yorke M. --</subfield>
         <subfield code="g">24.</subfield>
         <subfield code="t">Egyptian amulets from Tell Jemmeh /</subfield>
         <subfield code="r">Herrmann, Christian --</subfield>
         <subfield code="g">25.</subfield>
         <subfield code="t">Various finds : faience, glass, bone, ivory, and pumice /</subfield>
         <subfield code="r">Ben-Shlomo, David --</subfield>
         <subfield code="g">26.</subfield>
         <subfield code="t">Chipped stone assemblage from Tell Jemmeh /</subfield>
         <subfield code="r">Rosen, Steven A. --</subfield>
         <subfield code="r">Vardi, Jalob --</subfield>
         <subfield code="g">27.</subfield>
         <subfield code="t">Scarabs and stamp seals /</subfield>
         <subfield code="r">Keel, Othmar --</subfield>
         <subfield code="g">28.</subfield>
         <subfield code="t">Cylinder seals : a clay cylinder with cuneiform signs /</subfield>
         <subfield code="r">Horowitz, Wayne --</subfield>
         <subfield code="r">Ornan, Tallay --</subfield>
         <subfield code="g">29.</subfield>
         <subfield code="t">Cylinder seals : a Mitannian cylinder seal with a worshipper and divine images /</subfield>
         <subfield code="r">Ornan, Tallay --</subfield>
         <subfield code="g">30.</subfield>
         <subfield code="t">Coins : coins from the 1970-1990 excavation seasons at Tell Jemmeh /</subfield>
         <subfield code="r">Ariel, Donald T. --</subfield>
         <subfield code="g">31.</subfield>
         <subfield code="t">Coins : the Crusader purse from Tell Jemmeh /</subfield>
         <subfield code="r">Kool, Robert --</subfield>
         <subfield code="g">32.</subfield>
         <subfield code="t">Ostraca from Tell Jemmeh /</subfield>
         <subfield code="r">Misgav, Haggai --</subfield>
         <subfield code="t">Subsistence Studies.</subfield>
         <subfield code="g">33.</subfield>
         <subfield code="t">Temporal trends in animal exploitation : faunal analysis from Tell Jemmeh /</subfield>
         <subfield code="r">Maher, Edward F. --</subfield>
         <subfield code="t">Synthesis and Conclusions.</subfield>
         <subfield code="g">34.</subfield>
         <subfield code="t">The significance of Tell Jemmeh /</subfield>
         <subfield code="r">Ben-Shlomo, David.</subfield>
      </datafield>
      <datafield tag="651" ind1=" " ind2="0">
         <subfield code="a">Jemmeh Site (Israel)</subfield>
      </datafield>
      <datafield tag="650" ind1=" " ind2="0">
         <subfield code="a">Excavations (Archaeology)</subfield>
         <subfield code="z">Israel.</subfield>
      </datafield>
      <datafield tag="651" ind1=" " ind2="0">
         <subfield code="a">Israel</subfield>
         <subfield code="x">Civilization.</subfield>
      </datafield>
      <datafield tag="651" ind1=" " ind2="0">
         <subfield code="a">Israel</subfield>
         <subfield code="x">Antiquities.</subfield>
      </datafield>
      <datafield tag="700" ind1="1" ind2=" ">
         <subfield code="a">Ben-Shlomo, David</subfield>
         <subfield code="e">editor of compilation.</subfield>
      </datafield>
      <datafield tag="700" ind1="1" ind2=" ">
         <subfield code="a">Van Beek, Gus W.</subfield>
         <subfield code="q">(Gus Willard),</subfield>
         <subfield code="d">1922-</subfield>
         <subfield code="e">editor of compilation.</subfield>
      </datafield>
      <datafield tag="700" ind1="1" ind2=" ">
         <subfield code="a">Zukerman, Alexander</subfield>
         <subfield code="e">contributor.</subfield>
      </datafield>
      <datafield tag="700" ind1="1" ind2=" ">
         <subfield code="a">Choi, Gwanghyun,</subfield>
         <subfield code="e">contributor.</subfield>
      </datafield>
      <datafield tag="700" ind1="1" ind2=" ">
         <subfield code="a">Bergoffen, Celia J.</subfield>
         <subfield code="e">contributor.</subfield>
      </datafield>
      <datafield tag="700" ind1="1" ind2=" ">
         <subfield code="a">Martin, S. Rebecca,</subfield>
         <subfield code="e">contributor.</subfield>
      </datafield>
      <datafield tag="700" ind1="1" ind2=" ">
         <subfield code="a">Karasik, Avshalom,</subfield>
         <subfield code="e">contributor.</subfield>
      </datafield>
      <datafield tag="700" ind1="1" ind2=" ">
         <subfield code="a">Gardiner, Ronald K.</subfield>
         <subfield code="q">(Ronald Keith)</subfield>
         <subfield code="e">contributor.</subfield>
      </datafield>
      <datafield tag="700" ind1="1" ind2=" ">
         <subfield code="a">Keel, Othmar,</subfield>
         <subfield code="d">1937-</subfield>
         <subfield code="e">contributor.</subfield>
      </datafield>
      <datafield tag="700" ind1="1" ind2=" ">
         <subfield code="a">Golani, Amir</subfield>
         <subfield code="e">contributor.</subfield>
      </datafield>
      <datafield tag="700" ind1="1" ind2=" ">
         <subfield code="a">Rowan, Yorke M.</subfield>
         <subfield code="e">contributor.</subfield>
      </datafield>
      <datafield tag="700" ind1="1" ind2=" ">
         <subfield code="a">Herrmann, Christian,</subfield>
         <subfield code="d">1957-</subfield>
         <subfield code="e">contributor.</subfield>
      </datafield>
      <datafield tag="700" ind1="1" ind2=" ">
         <subfield code="a">Rosen, Steven A.</subfield>
         <subfield code="e">contributor.</subfield>
      </datafield>
      <datafield tag="700" ind1="1" ind2=" ">
         <subfield code="a">Vardi, Jakob,</subfield>
         <subfield code="e">contributor.</subfield>
      </datafield>
      <datafield tag="700" ind1="1" ind2=" ">
         <subfield code="a">Horowitz, Wayne,</subfield>
         <subfield code="d">1957-</subfield>
         <subfield code="e">contributor.</subfield>
      </datafield>
      <datafield tag="700" ind1="1" ind2=" ">
         <subfield code="a">Ornan, Tallay</subfield>
         <subfield code="e">contributor.</subfield>
      </datafield>
      <datafield tag="700" ind1="1" ind2=" ">
         <subfield code="a">Ariel, Donald T.</subfield>
         <subfield code="e">contributor.</subfield>
      </datafield>
      <datafield tag="700" ind1="1" ind2=" ">
         <subfield code="a">Kool, Robert</subfield>
         <subfield code="e">contributor.</subfield>
      </datafield>
      <datafield tag="700" ind1="1" ind2=" ">
         <subfield code="a">Misgav, Haggai</subfield>
         <subfield code="e">contributor.</subfield>
      </datafield>
      <datafield tag="700" ind1="1" ind2=" ">
         <subfield code="a">Maher, Edward F.,</subfield>
         <subfield code="e">contributor.</subfield>
      </datafield>
      <datafield tag="710" ind1="2" ind2=" ">
         <subfield code="a">Shelby White and Leon Levy Program for Archaeological Publications (Firm)</subfield>
         <subfield code="e">sponsor.</subfield>
      </datafield>
      <datafield tag="797" ind1="2" ind2=" ">
         <subfield code="a">White Levy Program Collection.</subfield>
      </datafield>
      <datafield tag="797" ind1="2" ind2=" ">
         <subfield code="a">WLP collection.</subfield>
      </datafield>
      <datafield tag="830" ind1=" " ind2="0">
         <subfield code="a">Smithsonian contributions to anthropology ;</subfield>
         <subfield code="v">no. 50.</subfield>
      </datafield>
      <datafield tag="994" ind1=" " ind2=" ">
         <subfield code="a">Z0</subfield>
         <subfield code="b">ZYU</subfield>
      </datafield>
      <datafield tag="LKR" ind1=" " ind2=" ">
         <subfield code="a">ITM</subfield>
         <subfield code="b">002903453</subfield>
         <subfield code="l">NYU50</subfield>
         <subfield code="v">50 2014</subfield>
      </datafield>
      <datafield tag="OWN" ind1=" " ind2=" ">
         <subfield code="a">GENERAL</subfield>
      </datafield>
      <datafield tag="AVA" ind1=" " ind2=" ">
         <subfield code="a">NYU50</subfield>
         <subfield code="b">NISAW</subfield>
         <subfield code="c">Large Collection</subfield>
         <subfield code="d">DS110.J366 S65 2014</subfield>
         <subfield code="e">available</subfield>
         <subfield code="t">Available</subfield>
         <subfield code="f">1</subfield>
         <subfield code="g">0</subfield>
         <subfield code="h">N</subfield>
         <subfield code="i">0</subfield>
         <subfield code="j">LARGE</subfield>
         <subfield code="k">0</subfield>
      </datafield>
      <marc:datafield tag="852" ind1=" " ind2=" ">
         <marc:subfield code="b">Institute for the Study of the Ancient World, </marc:subfield>
         <marc:subfield code="c">Large Collection</marc:subfield>
         <marc:subfield code="e">15 East 84th St., </marc:subfield>
         <marc:subfield code="e">New York, NY  10028</marc:subfield>
      </marc:datafield>
      <datafield tag="AVA" ind1=" " ind2=" ">
         <subfield code="a">NYU50</subfield>
         <subfield code="b">TNSFO</subfield>
         <subfield code="c">Main Collection</subfield>
         <subfield code="d">GN1 .S54 v.50</subfield>
         <subfield code="e">check_holdings</subfield>
         <subfield code="t">Check Holdings</subfield>
         <subfield code="j">MAIN</subfield>
         <subfield code="k">0</subfield>
      </datafield>
   </record>