
  
  
  
  
  
  
  
 
  
  <record xsi:schemaLocation="http://www.loc.gov/MARC21/slim http://www.loc.gov/standards/marcxml/schema/MARC21slim.xsd">
      <leader>00000cam a22      a 4500</leader>
      <controlfield tag="FMT">BK</controlfield>
      <controlfield tag="LDR">00000cam a22      a 4500</controlfield>
      <controlfield tag="001">001918179</controlfield>
      <controlfield tag="005">20141113121054.0</controlfield>
      <controlfield tag="008">910522s1989    ir a          001 0 per</controlfield>
      <datafield tag="010" ind1=" " ind2=" ">
         <subfield code="a">   90930935</subfield>
      </datafield>
      <datafield tag="035" ind1=" " ind2=" ">
         <subfield code="a">(OCoLC)68964229</subfield>
         <subfield code="z">(OCoLC)23696618</subfield>
      </datafield>
      <datafield tag="040" ind1=" " ind2=" ">
         <subfield code="a">DLC</subfield>
         <subfield code="b">eng</subfield>
         <subfield code="c">DLC</subfield>
         <subfield code="d">OCLCF</subfield>
         <subfield code="d">OCLCO</subfield>
         <subfield code="d">NNU</subfield>
      </datafield>
      <datafield tag="042" ind1=" " ind2=" ">
         <subfield code="a">pcc</subfield>
      </datafield>
      <datafield tag="043" ind1=" " ind2=" ">
         <subfield code="a">a-ir---</subfield>
      </datafield>
      <datafield tag="050" ind1="0" ind2="0">
         <subfield code="a">DS254.8</subfield>
         <subfield code="b">.M84 1989</subfield>
      </datafield>
      <datafield tag="100" ind1="0" ind2=" ">
         <subfield code="6">880-01</subfield>
         <subfield code="a">Muḥammad Ḥasan Khān,</subfield>
         <subfield code="c">Iʻtimād al-Salṭanah,</subfield>
         <subfield code="d">-1896.</subfield>
      </datafield>
      <datafield tag="245" ind1="1" ind2="0">
         <subfield code="6">880-02</subfield>
         <subfield code="a">Mirʼāt al-buldān /</subfield>
         <subfield code="c">taʼlīf-i Muḥammad Ḥasan Khān Iʻtimād al-Salṭanah ; bā taṣḥīḥāt va ḥavāshī va fahāris, bih kūshish-i ʻAbd al-Ḥusayn Navāʼī va Mīr Hāshim Muḥaddis̲.</subfield>
      </datafield>
      <datafield tag="260" ind1=" " ind2=" ">
         <subfield code="6">880-03</subfield>
         <subfield code="a">Tihrān :</subfield>
         <subfield code="b">Muʼassasah-ʼi Intishārāt va Chāp-i Dānishgāh-i Tihrān,</subfield>
         <subfield code="c">1367 [1989]</subfield>
      </datafield>
      <datafield tag="300" ind1=" " ind2=" ">
         <subfield code="a">4 v. in 3 :</subfield>
         <subfield code="b">ill. ;</subfield>
         <subfield code="c">25 cm.</subfield>
      </datafield>
      <datafield tag="490" ind1="1" ind2=" ">
         <subfield code="6">880-04</subfield>
         <subfield code="a">Intishārāt-i Dānishgāh-i Tihrān ;</subfield>
         <subfield code="v">shumārah-ʼi 1921-1923, 2004</subfield>
      </datafield>
      <datafield tag="500" ind1=" " ind2=" ">
         <subfield code="a">Includes indexes.</subfield>
      </datafield>
      <datafield tag="651" ind1=" " ind2="0">
         <subfield code="a">Iran</subfield>
         <subfield code="x">Historical geography.</subfield>
      </datafield>
      <datafield tag="650" ind1=" " ind2="7">
         <subfield code="a">Historical geography.</subfield>
         <subfield code="2">fast</subfield>
         <subfield code="0">(OCoLC)fst00958122</subfield>
      </datafield>
      <datafield tag="651" ind1=" " ind2="7">
         <subfield code="a">Iran.</subfield>
         <subfield code="2">fast</subfield>
         <subfield code="0">(OCoLC)fst01204889</subfield>
      </datafield>
      <datafield tag="700" ind1="1" ind2=" ">
         <subfield code="6">880-05</subfield>
         <subfield code="a">Navāʼī, ʻAbd al-Ḥusayn.</subfield>
      </datafield>
      <datafield tag="700" ind1="1" ind2=" ">
         <subfield code="6">880-06</subfield>
         <subfield code="a">Muḥaddis̲, Mīr Hāshim.</subfield>
      </datafield>
      <datafield tag="776" ind1="0" ind2="8">
         <subfield code="i">Online version:</subfield>
         <subfield code="a">Muḥammad Ḥasan Khān, Iʻtimād al-Salṭanah, d. 1896.</subfield>
         <subfield code="t">Mirʼāt al-buldān.</subfield>
         <subfield code="d">Tihrān : Muʼassasah-ʼi Intishārāt va Chāp-i Dānishgāh-i Tihrān, 1367 [1989]</subfield>
         <subfield code="w">(OCoLC)551474199</subfield>
      </datafield>
      <datafield tag="880" ind1="0" ind2=" ">
         <subfield code="6">100-01/</subfield>
         <subfield code="a">محمد حسن خان،</subfield>
         <subfield code="c">اعتماد السلطنه.</subfield>
      </datafield>
      <datafield tag="880" ind1="1" ind2="0">
         <subfield code="6">245-02/</subfield>
         <subfield code="a">مرآة البلدان /</subfield>
         <subfield code="c">تأليف محمد حسن خان اعتماد السلطنه ؛ با تصحيحات و حواشى و فهارس، به کوشش عبد الحسين نوائى و مير هاشم محدث.</subfield>
      </datafield>
      <datafield tag="880" ind1=" " ind2=" ">
         <subfield code="6">260-03/</subfield>
         <subfield code="a">تهران :</subfield>
         <subfield code="b">مؤسسۀ انتشارات و چاپ دانشگاه تهران،</subfield>
         <subfield code="c">1367 [1989].</subfield>
      </datafield>
      <datafield tag="880" ind1="1" ind2=" ">
         <subfield code="6">490-04/</subfield>
         <subfield code="a">انتشارات دانشگاه تهران ؛</subfield>
         <subfield code="v">شمارۀ 1921-1923, 2004</subfield>
      </datafield>
      <datafield tag="880" ind1="1" ind2=" ">
         <subfield code="6">700-05/</subfield>
         <subfield code="a">نوائى، عبد الحسين.</subfield>
      </datafield>
      <datafield tag="880" ind1="1" ind2=" ">
         <subfield code="6">700-06/</subfield>
         <subfield code="a">محدث، مير هاشم.</subfield>
      </datafield>
      <datafield tag="830" ind1=" " ind2="0">
         <subfield code="a">Publications de l'Université de Tehran ;</subfield>
         <subfield code="v">shumārah-ʼi 1921-1923.</subfield>
      </datafield>
      <datafield tag="830" ind1=" " ind2="0">
         <subfield code="a">Publications de l'Université de Tehran ;</subfield>
         <subfield code="v">shumārah-ʼi 2004.</subfield>
      </datafield>
      <datafield tag="OWN" ind1=" " ind2=" ">
         <subfield code="a">GENERAL</subfield>
      </datafield>
      <datafield tag="AVA" ind1=" " ind2=" ">
         <subfield code="a">NYU50</subfield>
         <subfield code="b">BOBST</subfield>
         <subfield code="c">Main Collection</subfield>
         <subfield code="d">DS254.8 .I88 1989</subfield>
         <subfield code="e">check_holdings</subfield>
         <subfield code="t">Check Holdings</subfield>
         <subfield code="h">Y</subfield>
         <subfield code="j">MAIN</subfield>
         <subfield code="k">0</subfield>
      </datafield>
      <datafield tag="AVA" ind1=" " ind2=" ">
         <subfield code="a">NYU50</subfield>
         <subfield code="b">NISAW</subfield>
         <subfield code="c">Small Collection</subfield>
         <subfield code="d">DS254.8 .M84 1989</subfield>
         <subfield code="e">available</subfield>
         <subfield code="t">Available</subfield>
         <subfield code="f">3</subfield>
         <subfield code="g">0</subfield>
         <subfield code="h">Y</subfield>
         <subfield code="i">0</subfield>
         <subfield code="j">SMALL</subfield>
         <subfield code="k">0</subfield>
      </datafield>
      <marc:datafield tag="852" ind1=" " ind2=" ">
         <marc:subfield code="b">Institute for the Study of the Ancient World, </marc:subfield>
         <marc:subfield code="c">Small Collection</marc:subfield>
         <marc:subfield code="e">15 East 84th St., </marc:subfield>
         <marc:subfield code="e">New York, NY  10028</marc:subfield>
      </marc:datafield>
   </record>