
  
  
  
  
  
 
  
  <record xsi:schemaLocation="http://www.loc.gov/MARC21/slim http://www.loc.gov/standards/marcxml/schema/MARC21slim.xsd">
      <leader>00000cam  2200601 a 4500</leader>
      <controlfield tag="FMT">BK</controlfield>
      <controlfield tag="LDR">00000cam  2200601 a 4500</controlfield>
      <controlfield tag="001">004068915</controlfield>
      <controlfield tag="003">OCoLC</controlfield>
      <controlfield tag="005">20141114141541.0</controlfield>
      <controlfield tag="008">141114s2011    cc       b    000 0 chi d</controlfield>
      <datafield tag="010" ind1=" " ind2=" ">
         <subfield code="a">2012366780</subfield>
      </datafield>
      <datafield tag="020" ind1=" " ind2=" ">
         <subfield code="a">9787303120222</subfield>
      </datafield>
      <datafield tag="020" ind1=" " ind2=" ">
         <subfield code="a">730312022X</subfield>
      </datafield>
      <datafield tag="035" ind1=" " ind2=" ">
         <subfield code="a">(OCoLC)777211613</subfield>
         <subfield code="z">(OCoLC)739408404</subfield>
      </datafield>
      <datafield tag="040" ind1=" " ind2=" ">
         <subfield code="a">PPiU</subfield>
         <subfield code="b">eng</subfield>
         <subfield code="c">PIT</subfield>
         <subfield code="d">DLC</subfield>
         <subfield code="d">BCBTC</subfield>
         <subfield code="d">EYM</subfield>
         <subfield code="d">ZCU</subfield>
         <subfield code="d">OCLCO</subfield>
         <subfield code="d">OCLCF</subfield>
         <subfield code="d">ZYU</subfield>
         <subfield code="d">NNU</subfield>
      </datafield>
      <datafield tag="042" ind1=" " ind2=" ">
         <subfield code="a">lccopycat</subfield>
      </datafield>
      <datafield tag="043" ind1=" " ind2=" ">
         <subfield code="a">a-cc---</subfield>
      </datafield>
      <datafield tag="050" ind1="0" ind2="0">
         <subfield code="a">DS736</subfield>
         <subfield code="b">.X56 2011</subfield>
      </datafield>
      <datafield tag="066" ind1=" " ind2=" ">
         <subfield code="c">$1</subfield>
      </datafield>
      <datafield tag="245" ind1="0" ind2="0">
         <subfield code="6">880-01</subfield>
         <subfield code="a">Xin cai liao, xin fang fa, xin shi ye :</subfield>
         <subfield code="b">Zhongguo gu dai guo jia he she hui bian qian = Xincailiao, xinfangfa, xinshiye : Zhongguo gudai guojia he shehui bianpian /</subfield>
         <subfield code="c">Ning Xin zhu bian.</subfield>
      </datafield>
      <datafield tag="246" ind1="3" ind2="0">
         <subfield code="6">880-02</subfield>
         <subfield code="a">Zhongguo gu dai guo jia he she hui bian qian</subfield>
      </datafield>
      <datafield tag="246" ind1="3" ind2="1">
         <subfield code="a">Xincailiao, xinfangfa, xinshiye :</subfield>
         <subfield code="b">Zhongguo gudai guojia he shehui bianpian</subfield>
      </datafield>
      <datafield tag="246" ind1="3" ind2="0">
         <subfield code="a">Zhongguo gudai guojia he shehui bianpian</subfield>
      </datafield>
      <datafield tag="250" ind1=" " ind2=" ">
         <subfield code="6">880-03</subfield>
         <subfield code="a">Di 1 ban.</subfield>
      </datafield>
      <datafield tag="260" ind1=" " ind2=" ">
         <subfield code="6">880-04</subfield>
         <subfield code="a">Beijing :</subfield>
         <subfield code="b">Beijing shi fan da xue chu ban she,</subfield>
         <subfield code="c">2011.</subfield>
      </datafield>
      <datafield tag="300" ind1=" " ind2=" ">
         <subfield code="a">2, 3, 360 p. ;</subfield>
         <subfield code="c">24 cm.</subfield>
      </datafield>
      <datafield tag="504" ind1=" " ind2=" ">
         <subfield code="a">Includes bibliographical references.</subfield>
      </datafield>
      <datafield tag="520" ind1=" " ind2=" ">
         <subfield code="6">880-05</subfield>
         <subfield code="a">Ben lun wen ji gong shou ji guo nei wai you xiu lun wen liu shi pian, she ji cong shi qian wen ming dao Ming Qing shi qi de Zhongguo shi yan jiu. Cong nei rong kan, chu chuan tong de zheng zhi ji, jing ji shi, jun shi shi, she hui shi, min zu shi deng yan jiu zhi wai, huan she ji li shi di li xu, zong jiao shi shu shi, li shi wen xian xue, nai zhi li shi tu xiang xue, ke ji shi, huan jing shi xue deng zhu duo ling yu. Ben lun wen ji de zhu yao te disn ti xiang zai dui xin cai liao de xin quan shi, dui Zhongguo gu dai guo jia he she hui bian qian yan jiu zhong shi xue yan jiu xin fang fa de yong yong yi ji cong xin de yan jiu shi ye tan tao Zhongguo gu dai guo jia he she hui de bia nqian shang. Lun wen zuo zhe zai shu li li shi wen xian, mu zhi deng chuan tong shi liao de tong shi, huan shi fen zhong shi dui xin shi liao de fa jue zheng li, dui chu tu wen wu he kao gu shi wu deng xin cai liao de fen xi yun yong, bing zai ju ti yan jiu zhong shen tou le she hui shi xue, xin li shi xue, tu xiang xue deng ge zhong xin de yan jiu fang fa.</subfield>
      </datafield>
      <datafield tag="651" ind1=" " ind2="0">
         <subfield code="a">China</subfield>
         <subfield code="x">History.</subfield>
      </datafield>
      <datafield tag="651" ind1=" " ind2="0">
         <subfield code="a">China</subfield>
         <subfield code="x">Civilization.</subfield>
      </datafield>
      <datafield tag="650" ind1=" " ind2="7">
         <subfield code="a">Civilization.</subfield>
         <subfield code="2">fast</subfield>
         <subfield code="0">(OCoLC)fst00862898</subfield>
      </datafield>
      <datafield tag="651" ind1=" " ind2="7">
         <subfield code="a">China.</subfield>
         <subfield code="2">fast</subfield>
         <subfield code="0">(OCoLC)fst01206073</subfield>
      </datafield>
      <datafield tag="655" ind1=" " ind2="7">
         <subfield code="a">History.</subfield>
         <subfield code="2">fast</subfield>
         <subfield code="0">(OCoLC)fst01411628</subfield>
      </datafield>
      <datafield tag="700" ind1="1" ind2=" ">
         <subfield code="a">Ning, Xin</subfield>
         <subfield code="6">880-06</subfield>
      </datafield>
      <datafield tag="880" ind1="0" ind2="0">
         <subfield code="6">245-01/</subfield>
         <subfield code="a">新材料, 新方法, 新视野 :</subfield>
         <subfield code="b">中国古代国家和社会变迁 = Xincailiao, xinfangfa, xinshiye : Zhongguo gudai guojia he shehui bianpian /</subfield>
         <subfield code="c">宁欣主编.</subfield>
      </datafield>
      <datafield tag="880" ind1="3" ind2="0">
         <subfield code="6">246-02/</subfield>
         <subfield code="a">中国古代国家和社会变迁</subfield>
      </datafield>
      <datafield tag="880" ind1=" " ind2=" ">
         <subfield code="6">250-03/</subfield>
         <subfield code="a">第1版.</subfield>
      </datafield>
      <datafield tag="880" ind1=" " ind2=" ">
         <subfield code="6">260-04/</subfield>
         <subfield code="a">北京 :</subfield>
         <subfield code="b">北京师范大学出版社,</subfield>
         <subfield code="c">2011.</subfield>
      </datafield>
      <datafield tag="880" ind1=" " ind2=" ">
         <subfield code="6">520-05/</subfield>
         <subfield code="a">本论文集共收集国内外优秀论文六十篇, 涉及从史前文明到明清时期的中国史研究. 从内容看,除传统的政治史, 经济史, 军事史, 社会史, 民族史等研究之外, 还涉及历史地理学, 宗教艺术史, 历史文献学, 海外关系史, 乃至历史图像学, 科技史学, 环境史学等诸多领域. 本次论文集的主要特点体现在对新材料的新诠释, 对中国古代国家和社会变迁研究中史学研究新方法的运用以及从新的研究视野探讨中国古代国家和社会的变迁上. 论文作者在梳理历史文献, 墓志等传统史料的同时, 还十分重视对新史料的发掘整理, 对出土文物和考古实物等新材料的分析运用, 并在具体研究中渗透了社会史学, 心理史学, 图像学等各种新的研究方法.</subfield>
      </datafield>
      <datafield tag="880" ind1="1" ind2=" ">
         <subfield code="6">700-06/</subfield>
         <subfield code="a">宁欣.</subfield>
      </datafield>
      <datafield tag="994" ind1=" " ind2=" ">
         <subfield code="a">Z0</subfield>
         <subfield code="b">ZYU</subfield>
      </datafield>
      <datafield tag="OWN" ind1=" " ind2=" ">
         <subfield code="a">GENERAL</subfield>
      </datafield>
      <datafield tag="AVA" ind1=" " ind2=" ">
         <subfield code="a">NYU50</subfield>
         <subfield code="b">NISAW</subfield>
         <subfield code="c">Small Collection</subfield>
         <subfield code="d">DS736 .X56 2011</subfield>
         <subfield code="e">available</subfield>
         <subfield code="t">Available</subfield>
         <subfield code="f">1</subfield>
         <subfield code="g">0</subfield>
         <subfield code="h">N</subfield>
         <subfield code="i">0</subfield>
         <subfield code="j">SMALL</subfield>
         <subfield code="k">0</subfield>
      </datafield>
      <marc:datafield tag="852" ind1=" " ind2=" ">
         <marc:subfield code="b">Institute for the Study of the Ancient World, </marc:subfield>
         <marc:subfield code="c">Small Collection</marc:subfield>
         <marc:subfield code="e">15 East 84th St., </marc:subfield>
         <marc:subfield code="e">New York, NY  10028</marc:subfield>
      </marc:datafield>
   </record>