
  
  
  
  
  
 
  
  <record xsi:schemaLocation="http://www.loc.gov/MARC21/slim http://www.loc.gov/standards/marcxml/schema/MARC21slim.xsd">
      <leader>00000cam  2200589 a 4500</leader>
      <controlfield tag="FMT">BK</controlfield>
      <controlfield tag="LDR">00000cam  2200589 a 4500</controlfield>
      <controlfield tag="001">004068436</controlfield>
      <controlfield tag="003">OCoLC</controlfield>
      <controlfield tag="005">20141114102850.0</controlfield>
      <controlfield tag="008">141114s2013    enkabh   bc   001 0 eng d</controlfield>
      <datafield tag="020" ind1=" " ind2=" ">
         <subfield code="a">9781780768090 (hardback)</subfield>
      </datafield>
      <datafield tag="020" ind1=" " ind2=" ">
         <subfield code="a">1780768095 (hardback)</subfield>
      </datafield>
      <datafield tag="020" ind1=" " ind2=" ">
         <subfield code="a">9781780768106 (paperback)</subfield>
      </datafield>
      <datafield tag="020" ind1=" " ind2=" ">
         <subfield code="a">1780768109 (paperback)</subfield>
      </datafield>
      <datafield tag="035" ind1=" " ind2=" ">
         <subfield code="a">(OCoLC)863139184</subfield>
         <subfield code="z">(OCoLC)855580283</subfield>
      </datafield>
      <datafield tag="040" ind1=" " ind2=" ">
         <subfield code="a">CDX</subfield>
         <subfield code="b">eng</subfield>
         <subfield code="c">CDX</subfield>
         <subfield code="d">YDXCP</subfield>
         <subfield code="d">OCLCQ</subfield>
         <subfield code="d">PAU</subfield>
         <subfield code="d">BTCTA</subfield>
         <subfield code="d">BDX</subfield>
         <subfield code="d">CHVBK</subfield>
         <subfield code="d">LOA</subfield>
         <subfield code="d">OCLCO</subfield>
         <subfield code="d">MEAUC</subfield>
         <subfield code="d">ERASA</subfield>
         <subfield code="d">OCLCO</subfield>
         <subfield code="d">OCLCF</subfield>
         <subfield code="d">CUD</subfield>
         <subfield code="d">NNU</subfield>
      </datafield>
      <datafield tag="043" ind1=" " ind2=" ">
         <subfield code="a">a-ir---</subfield>
         <subfield code="a">ac-----</subfield>
      </datafield>
      <datafield tag="050" ind1=" " ind2="4">
         <subfield code="a">BL1575</subfield>
         <subfield code="b">.E48 2013</subfield>
      </datafield>
      <datafield tag="082" ind1="0" ind2="4">
         <subfield code="a">295</subfield>
         <subfield code="2">23</subfield>
      </datafield>
      <datafield tag="245" ind1="0" ind2="4">
         <subfield code="a">The everlasting flame :</subfield>
         <subfield code="b">Zoroastrianism in history and imagination /</subfield>
         <subfield code="c">edited by Sarah Stewart with Firoza Punthakey Mistree, Ursula Sims-Williams, Almut Hintze, Pheroza J. Godrej.</subfield>
      </datafield>
      <datafield tag="260" ind1=" " ind2=" ">
         <subfield code="a">London ;</subfield>
         <subfield code="a">New York :</subfield>
         <subfield code="b">I.B. Tauris,</subfield>
         <subfield code="c">2013.</subfield>
      </datafield>
      <datafield tag="300" ind1=" " ind2=" ">
         <subfield code="a">xix, 272 p. :</subfield>
         <subfield code="b">ill. (chiefly col.), map ;</subfield>
         <subfield code="c">30 cm.</subfield>
      </datafield>
      <datafield tag="500" ind1=" " ind2=" ">
         <subfield code="a">Catalog of an exhibition held at the Brunei Gallery, School of Oriental and African Studies, University of London, Oct. 11-Dec. 14, 2013.</subfield>
      </datafield>
      <datafield tag="504" ind1=" " ind2=" ">
         <subfield code="a">Includes bibliographical references (p. 245-250) and index.</subfield>
      </datafield>
      <datafield tag="505" ind1="0" ind2="0">
         <subfield code="g">Essays.</subfield>
         <subfield code="t">Words without context : the Gathas between two worlds /</subfield>
         <subfield code="r">Hintze, Almut --</subfield>
         <subfield code="t">Zoroastrianism as an imperial religion /</subfield>
         <subfield code="r">Kreyenbroek, Philip G. --</subfield>
         <subfield code="t">Zoroastrian funerary practices /</subfield>
         <subfield code="r">Grenet, Frantz --</subfield>
         <subfield code="t">Jewish and Christian relations with Zoroastrianism /</subfield>
         <subfield code="r">Joisten-Pruschke, Anke --</subfield>
         <subfield code="t">Life and afterlife /</subfield>
         <subfield code="r">Stewart, Sarah --</subfield>
         <subfield code="t">The Zoroastrians of Iran /</subfield>
         <subfield code="r">de Jong, Albert --</subfield>
         <subfield code="t">Looking back to see the present /</subfield>
         <subfield code="r">Williams, Alan --</subfield>
         <subfield code="t">The lure of China and the art of Parsi portraiture /</subfield>
         <subfield code="r">Mistree, Firoza Punthakey --</subfield>
         <subfield code="r">Godrej, Pheroza.</subfield>
         <subfield code="g">The catalogue.</subfield>
         <subfield code="t">The ancient world --</subfield>
         <subfield code="t">Sacred texts --</subfield>
         <subfield code="t">The Silk Road, Central Asia and China --</subfield>
         <subfield code="t">The Judaeo-Christian world --</subfield>
         <subfield code="t">Imperial and post-Imperial Iran --</subfield>
         <subfield code="t">Post Arab conquest --</subfield>
         <subfield code="t">Journey and settlement --</subfield>
         <subfield code="t">Parsi salon --</subfield>
         <subfield code="t">Fire temple --</subfield>
         <subfield code="t">Zoroastrian communities around the world --</subfield>
         <subfield code="t">The seven creations.</subfield>
      </datafield>
      <datafield tag="650" ind1=" " ind2="0">
         <subfield code="a">Zoroastrianism</subfield>
         <subfield code="x">History.</subfield>
      </datafield>
      <datafield tag="650" ind1=" " ind2="0">
         <subfield code="a">Zoroastrianism</subfield>
         <subfield code="v">Exhibitions.</subfield>
      </datafield>
      <datafield tag="651" ind1=" " ind2="0">
         <subfield code="a">Asia, Central</subfield>
         <subfield code="x">Antiquities</subfield>
         <subfield code="v">Exhibitions.</subfield>
      </datafield>
      <datafield tag="650" ind1=" " ind2="7">
         <subfield code="a">Parsismus.</subfield>
         <subfield code="2">gnd</subfield>
      </datafield>
      <datafield tag="650" ind1=" " ind2="7">
         <subfield code="a">Kunst.</subfield>
         <subfield code="2">gnd</subfield>
      </datafield>
      <datafield tag="650" ind1=" " ind2="7">
         <subfield code="a">Zoroastrianism.</subfield>
         <subfield code="2">fast</subfield>
         <subfield code="0">(OCoLC)fst01184829</subfield>
      </datafield>
      <datafield tag="655" ind1=" " ind2="7">
         <subfield code="a">Exhibition catalogs.</subfield>
         <subfield code="2">fast</subfield>
         <subfield code="0">(OCoLC)fst01424028</subfield>
      </datafield>
      <datafield tag="655" ind1=" " ind2="7">
         <subfield code="a">History.</subfield>
         <subfield code="2">fast</subfield>
         <subfield code="0">(OCoLC)fst01411628</subfield>
      </datafield>
      <datafield tag="700" ind1="1" ind2=" ">
         <subfield code="a">Stewart, Sarah</subfield>
         <subfield code="q">(Sarah Rosemary Anne)</subfield>
      </datafield>
      <datafield tag="700" ind1="1" ind2=" ">
         <subfield code="a">Mistree, Firoza Punthakey.</subfield>
      </datafield>
      <datafield tag="700" ind1="1" ind2=" ">
         <subfield code="a">Sims-Williams, Ursula.</subfield>
      </datafield>
      <datafield tag="700" ind1="1" ind2=" ">
         <subfield code="a">Hintze, Almut.</subfield>
      </datafield>
      <datafield tag="700" ind1="1" ind2=" ">
         <subfield code="a">Godrej, Pheroza.</subfield>
      </datafield>
      <datafield tag="710" ind1="2" ind2=" ">
         <subfield code="a">Brunei Gallery.</subfield>
      </datafield>
      <datafield tag="710" ind1="2" ind2=" ">
         <subfield code="a">University of London.</subfield>
         <subfield code="b">School of Oriental and African Studies.</subfield>
      </datafield>
      <datafield tag="994" ind1=" " ind2=" ">
         <subfield code="a">Z0</subfield>
         <subfield code="b">ZYU</subfield>
      </datafield>
      <datafield tag="OWN" ind1=" " ind2=" ">
         <subfield code="a">GENERAL</subfield>
      </datafield>
      <datafield tag="AVA" ind1=" " ind2=" ">
         <subfield code="a">NYU50</subfield>
         <subfield code="b">NISAW</subfield>
         <subfield code="c">Large Collection</subfield>
         <subfield code="d">BL1575 .E48 2013</subfield>
         <subfield code="e">available</subfield>
         <subfield code="t">Available</subfield>
         <subfield code="f">1</subfield>
         <subfield code="g">0</subfield>
         <subfield code="h">N</subfield>
         <subfield code="i">0</subfield>
         <subfield code="j">LARGE</subfield>
         <subfield code="k">0</subfield>
      </datafield>
      <marc:datafield tag="852" ind1=" " ind2=" ">
         <marc:subfield code="b">Institute for the Study of the Ancient World, </marc:subfield>
         <marc:subfield code="c">Large Collection</marc:subfield>
         <marc:subfield code="e">15 East 84th St., </marc:subfield>
         <marc:subfield code="e">New York, NY  10028</marc:subfield>
      </marc:datafield>
   </record>