
  
  
  
  
  
 
  
  <record xsi:schemaLocation="http://www.loc.gov/MARC21/slim http://www.loc.gov/standards/marcxml/schema/MARC21slim.xsd">
      <leader>00000cam  2201117 a 4500</leader>
      <controlfield tag="FMT">BK</controlfield>
      <controlfield tag="LDR">00000cam  2201117 a 4500</controlfield>
      <controlfield tag="001">004068589</controlfield>
      <controlfield tag="003">OCoLC</controlfield>
      <controlfield tag="005">20141114120418.0</controlfield>
      <controlfield tag="008">141114s1994    gr abde  b    101 0 fre d</controlfield>
      <datafield tag="016" ind1="7" ind2=" ">
         <subfield code="a">9505853</subfield>
         <subfield code="2">DNLM</subfield>
      </datafield>
      <datafield tag="020" ind1=" " ind2=" ">
         <subfield code="a">2869580665</subfield>
      </datafield>
      <datafield tag="020" ind1=" " ind2=" ">
         <subfield code="a">9782869580664</subfield>
      </datafield>
      <datafield tag="035" ind1=" " ind2=" ">
         <subfield code="a">(OCoLC)30604907</subfield>
         <subfield code="z">(OCoLC)221791315</subfield>
      </datafield>
      <datafield tag="040" ind1=" " ind2=" ">
         <subfield code="a">HCH</subfield>
         <subfield code="b">eng</subfield>
         <subfield code="c">HCH</subfield>
         <subfield code="d">UIU</subfield>
         <subfield code="d">BOS</subfield>
         <subfield code="d">GZM</subfield>
         <subfield code="d">NLM</subfield>
         <subfield code="d">OCL</subfield>
         <subfield code="d">OCLCQ</subfield>
         <subfield code="d">MUQ</subfield>
         <subfield code="d">NLGGC</subfield>
         <subfield code="d">ZWZ</subfield>
         <subfield code="d">GBVCP</subfield>
         <subfield code="d">OCLCQ</subfield>
         <subfield code="d">OCLCO</subfield>
         <subfield code="d">OCLCF</subfield>
         <subfield code="d">OCLCA</subfield>
         <subfield code="d">OCLCQ</subfield>
         <subfield code="d">OCLCO</subfield>
         <subfield code="d">NNU</subfield>
      </datafield>
      <datafield tag="041" ind1="0" ind2=" ">
         <subfield code="a">fre</subfield>
         <subfield code="b">fre</subfield>
         <subfield code="b">gre</subfield>
      </datafield>
      <datafield tag="043" ind1=" " ind2=" ">
         <subfield code="a">e-gr---</subfield>
      </datafield>
      <datafield tag="050" ind1=" " ind2="4">
         <subfield code="a">DF10</subfield>
         <subfield code="b">.B92 v. 28</subfield>
      </datafield>
      <datafield tag="060" ind1="0" ind2="0">
         <subfield code="a">1995 D-077</subfield>
      </datafield>
      <datafield tag="060" ind1="1" ind2="0">
         <subfield code="a">WA 11 GG6</subfield>
      </datafield>
      <datafield tag="082" ind1="0" ind2="4">
         <subfield code="a">610.938</subfield>
         <subfield code="b">Ea88</subfield>
         <subfield code="2">20</subfield>
      </datafield>
      <datafield tag="084" ind1=" " ind2=" ">
         <subfield code="a">15.51</subfield>
         <subfield code="2">bcl</subfield>
      </datafield>
      <datafield tag="084" ind1=" " ind2=" ">
         <subfield code="a">15.25</subfield>
         <subfield code="2">bcl</subfield>
      </datafield>
      <datafield tag="084" ind1=" " ind2=" ">
         <subfield code="a">44.01</subfield>
         <subfield code="2">bcl</subfield>
      </datafield>
      <datafield tag="090" ind1=" " ind2=" ">
         <subfield code="a">TD216</subfield>
         <subfield code="b">.E28 1994</subfield>
      </datafield>
      <datafield tag="245" ind1="0" ind2="2">
         <subfield code="a">L'eau, la santé et la maladie dans le monde grec :</subfield>
         <subfield code="b">Actes du colloque organisé à Paris (CNRS et Fondation Singer-Polignac) du 25 au 27 novembre 1992 par le Centre de recherche "Archéologie et systèmes d'information" et par l'URA 1255 "Médecine grecque" /</subfield>
         <subfield code="c">édites par René Ginouvès, Anne-Marie Guimier-Sorbets, Jacques Jouanna et Laurence Villard.</subfield>
      </datafield>
      <datafield tag="260" ind1=" " ind2=" ">
         <subfield code="a">Athènes :</subfield>
         <subfield code="b">Ecole française d'Athènes ;</subfield>
         <subfield code="a">Paris :</subfield>
         <subfield code="b">De Boccard,</subfield>
         <subfield code="c">1994.</subfield>
      </datafield>
      <datafield tag="300" ind1=" " ind2=" ">
         <subfield code="a">xi, 399, [29] pages :</subfield>
         <subfield code="b">illustrations, maps, charts, plans ;</subfield>
         <subfield code="c">25 cm.</subfield>
      </datafield>
      <datafield tag="336" ind1=" " ind2=" ">
         <subfield code="a">text</subfield>
         <subfield code="b">txt</subfield>
         <subfield code="2">rdacontent</subfield>
      </datafield>
      <datafield tag="337" ind1=" " ind2=" ">
         <subfield code="a">unmediated</subfield>
         <subfield code="b">n</subfield>
         <subfield code="2">rdamedia</subfield>
      </datafield>
      <datafield tag="338" ind1=" " ind2=" ">
         <subfield code="a">volume</subfield>
         <subfield code="b">nc</subfield>
         <subfield code="2">rdacarrier</subfield>
      </datafield>
      <datafield tag="490" ind1="1" ind2=" ">
         <subfield code="a">Bulletin de correspondance hellénique. Supplément ;</subfield>
         <subfield code="v">28</subfield>
      </datafield>
      <datafield tag="500" ind1=" " ind2=" ">
         <subfield code="a">Abstracts in French and Greek.</subfield>
      </datafield>
      <datafield tag="504" ind1=" " ind2=" ">
         <subfield code="a">Includes bibliographical references and indexes.</subfield>
      </datafield>
      <datafield tag="505" ind1="0" ind2="0">
         <subfield code="g">Avant-propos.</subfield>
         <subfield code="t">L'eau vivifiante dans l'Égypte ancienne /</subfield>
         <subfield code="r">Leclant, Jean.</subfield>
         <subfield code="t">De la représentation poétique de l'eau à sa conception scientifique.</subfield>
         <subfield code="t">L'eau chez Homère et dans la poésie archaïque : épithètes et images /</subfield>
         <subfield code="r">Arnould, Dominique --</subfield>
         <subfield code="t">L'eau ; la santé et la maladie dans le traité hippocratique des Airs, eaux, lieux /</subfield>
         <subfield code="r">Jouanna, Jacques --</subfield>
         <subfield code="t">Le bain dans la médecine hippocratique /</subfield>
         <subfield code="r">Villard, Laurence --</subfield>
         <subfield code="t">Les "rêves d'eau" dans le traité du Régime /</subfield>
         <subfield code="r">Jori, Alberto --</subfield>
         <subfield code="t">"Un autre dieu sobre" : Théophraste, Érasistrate et les médecins hellénistiques à propos de l'eau /</subfield>
         <subfield code="r">Von Staden, Heinrich --</subfield>
         <subfield code="t">La cuisine du corps féminin : l'eau dans le livre III du traité gynécologique de Soranos d'Éphèse /</subfield>
         <subfield code="r">Gourevitch, Danielle --</subfield>
         <subfield code="t">L'eau dans la littérature médicale de l'Antiquité tardive /</subfield>
         <subfield code="r">Garzya, Antonio --</subfield>
         <subfield code="t">L'eau du Nil : ses qualités et ses vertus médicinales d'après le médecin-voyageur Prosper Alpin (1553-1617)/</subfield>
         <subfield code="r">Meyer, Béatrice.</subfield>
         <subfield code="t">Les bienfaits de l'eau.</subfield>
         <subfield code="t">Bain et libations : à propos de deux emplois de λουτρά dans l'Électre de Sophocle /</subfield>
         <subfield code="r">Mauduit, Christine --</subfield>
         <subfield code="t">La loutrophorie et la "prêtresse-loutrophore" de Sicyone /</subfield>
         <subfield code="r">Pirenne-Delforge, Vinciane --</subfield>
         <subfield code="t">Le rôle de l'eau dans les prescriptions médicales d'Asclépios chez Galien et Ælius Aristide /</subfield>
         <subfield code="r">Boudon, Véronique --</subfield>
         <subfield code="t">La source thermale de San Calogero (Lipari) /</subfield>
         <subfield code="r">Bernabò Brea, Luigi --</subfield>
         <subfield code="t">Les thermes de San Calogero à l'époque grecque et romaine /</subfield>
         <subfield code="r">Cavalier, Madeleine --</subfield>
         <subfield code="t">L'eau curative à Argos /</subfield>
         <subfield code="r">Aupert, Pierre --</subfield>
         <subfield code="t">Artémis, l'eau et la vie humaine /</subfield>
         <subfield code="r">Morizot, Yvette --</subfield>
         <subfield code="t">Bains de statues et de divinités /</subfield>
         <subfield code="r">Kahil, Lilly --</subfield>
         <subfield code="t">L'eau minérale à Épidaure /</subfield>
         <subfield code="r">Lambrinoudakis, Vassili --</subfield>
         <subfield code="t">L'eau dans les sanctuaires médicaux /</subfield>
         <subfield code="r">Ginouvès, René.</subfield>
      </datafield>
      <datafield tag="505" ind1="0" ind2="0">
         <subfield code="9"/>
         <subfield code="t">Les risques liés à l'eau et leur prévention.</subfield>
         <subfield code="t">L'eau et le vocabulaire de la maladie /</subfield>
         <subfield code="r">Skoda, Françoise --</subfield>
         <subfield code="t">Eau et ivresses /</subfield>
         <subfield code="r">Villard, Pierre --</subfield>
         <subfield code="t">L'eau des citernes et la salubrité : textes et archéologie /</subfield>
         <subfield code="r">Hellmann, Marie-Christine --</subfield>
         <subfield code="t">L'eau dans la ville de Thasos /</subfield>
         <subfield code="r">Grandjean, Yves --</subfield>
         <subfield code="t">Eau, paludisme et démographie en Grèce péninsulaire /</subfield>
         <subfield code="r">Corvisier, Jean-Nicolas --</subfield>
         <subfield code="t">Marais et paludisme en Occident grec /</subfield>
         <subfield code="r">Collin-Bouffier, Sophie --</subfield>
         <subfield code="t">Les sièges de Syracuse et leurs pestilences /</subfield>
         <subfield code="r">Villard, François.</subfield>
         <subfield code="g">Postface.</subfield>
         <subfield code="t">Géosciences et archéologie : l'exemple du sanctuaire des eaux de Grand (Vosges) /</subfield>
         <subfield code="r">Delétie, Pierre --</subfield>
         <subfield code="r">Bertaux, Jean-Paul --</subfield>
         <subfield code="t">Synthèse /</subfield>
         <subfield code="r">Ginouvès, René --</subfield>
         <subfield code="r">Guimier-Sorbets, Anne-Marie --</subfield>
         <subfield code="r">Jouanna, Jacques --</subfield>
         <subfield code="r">Villard, Laurence.</subfield>
      </datafield>
      <datafield tag="530" ind1=" " ind2=" ">
         <subfield code="a">Also issued online.</subfield>
      </datafield>
      <datafield tag="546" ind1=" " ind2=" ">
         <subfield code="a">Abstracts in French and Greek.</subfield>
      </datafield>
      <datafield tag="650" ind1=" " ind2="0">
         <subfield code="a">Water</subfield>
         <subfield code="x">Religious aspects</subfield>
         <subfield code="v">Congresses.</subfield>
      </datafield>
      <datafield tag="650" ind1=" " ind2="0">
         <subfield code="a">Medicine, Ancient</subfield>
         <subfield code="v">Congresses.</subfield>
      </datafield>
      <datafield tag="650" ind1=" " ind2="0">
         <subfield code="a">Health behavior</subfield>
         <subfield code="z">Greece</subfield>
         <subfield code="v">Congresses.</subfield>
      </datafield>
      <datafield tag="650" ind1=" " ind2="0">
         <subfield code="a">Public health</subfield>
         <subfield code="z">Greece</subfield>
         <subfield code="x">History</subfield>
         <subfield code="v">Congresses.</subfield>
      </datafield>
      <datafield tag="650" ind1=" " ind2="0">
         <subfield code="a">Water in literature</subfield>
         <subfield code="v">Congresses.</subfield>
      </datafield>
      <datafield tag="650" ind1=" " ind2="0">
         <subfield code="a">Diseases</subfield>
         <subfield code="z">Greece</subfield>
         <subfield code="x">History</subfield>
         <subfield code="v">Congresses.</subfield>
      </datafield>
      <datafield tag="650" ind1=" " ind2="0">
         <subfield code="a">Water-supply</subfield>
         <subfield code="z">Greece</subfield>
         <subfield code="x">History</subfield>
         <subfield code="v">Congresses.</subfield>
      </datafield>
      <datafield tag="650" ind1="1" ind2="2">
         <subfield code="a">Water Supply</subfield>
         <subfield code="z">Greece</subfield>
         <subfield code="x">History</subfield>
         <subfield code="v">Congresses.</subfield>
      </datafield>
      <datafield tag="650" ind1="2" ind2="2">
         <subfield code="a">History, Ancient</subfield>
         <subfield code="z">Greece</subfield>
         <subfield code="v">Congresses.</subfield>
      </datafield>
      <datafield tag="650" ind1="2" ind2="2">
         <subfield code="a">Water</subfield>
         <subfield code="z">Greece</subfield>
         <subfield code="v">Congresses.</subfield>
      </datafield>
      <datafield tag="650" ind1=" " ind2="6">
         <subfield code="a">Médecine ancienne</subfield>
         <subfield code="v">Congrès.</subfield>
      </datafield>
      <datafield tag="650" ind1=" " ind2="6">
         <subfield code="a">Eau</subfield>
         <subfield code="x">Aspect sanitaire</subfield>
         <subfield code="z">Grèce</subfield>
         <subfield code="x">Histoire</subfield>
         <subfield code="v">Congrès.</subfield>
      </datafield>
      <datafield tag="650" ind1=" " ind2="6">
         <subfield code="a">Hydrothérapie</subfield>
         <subfield code="v">Grèce</subfield>
         <subfield code="x">Histoire</subfield>
         <subfield code="v">Congrès.</subfield>
      </datafield>
      <datafield tag="650" ind1=" " ind2="7">
         <subfield code="a">Diseases.</subfield>
         <subfield code="2">fast</subfield>
         <subfield code="0">(OCoLC)fst00895158</subfield>
      </datafield>
      <datafield tag="650" ind1=" " ind2="7">
         <subfield code="a">Health behavior.</subfield>
         <subfield code="2">fast</subfield>
         <subfield code="0">(OCoLC)fst00952816</subfield>
      </datafield>
      <datafield tag="650" ind1=" " ind2="7">
         <subfield code="a">Medicine, Ancient.</subfield>
         <subfield code="2">fast</subfield>
         <subfield code="0">(OCoLC)fst01015182</subfield>
      </datafield>
      <datafield tag="650" ind1=" " ind2="7">
         <subfield code="a">Public health.</subfield>
         <subfield code="2">fast</subfield>
         <subfield code="0">(OCoLC)fst01082238</subfield>
      </datafield>
      <datafield tag="650" ind1=" " ind2="7">
         <subfield code="a">Water</subfield>
         <subfield code="x">Religious aspects.</subfield>
         <subfield code="2">fast</subfield>
         <subfield code="0">(OCoLC)fst01171487</subfield>
      </datafield>
      <datafield tag="651" ind1=" " ind2="7">
         <subfield code="a">Greece.</subfield>
         <subfield code="2">fast</subfield>
         <subfield code="0">(OCoLC)fst01208380</subfield>
      </datafield>
      <datafield tag="650" ind1="1" ind2="7">
         <subfield code="a">Griekse oudheid.</subfield>
         <subfield code="2">gtt</subfield>
      </datafield>
      <datafield tag="650" ind1="1" ind2="7">
         <subfield code="a">Watervoorziening.</subfield>
         <subfield code="2">gtt</subfield>
      </datafield>
      <datafield tag="650" ind1="1" ind2="7">
         <subfield code="a">Gezondheid.</subfield>
         <subfield code="2">gtt</subfield>
      </datafield>
      <datafield tag="650" ind1="1" ind2="7">
         <subfield code="a">Ziekte.</subfield>
         <subfield code="2">gtt</subfield>
      </datafield>
      <datafield tag="650" ind1=" " ind2="7">
         <subfield code="a">Thermes romains</subfield>
         <subfield code="z">Grèce</subfield>
         <subfield code="y">Antiquité</subfield>
         <subfield code="x">Congrès.</subfield>
         <subfield code="2">ram</subfield>
      </datafield>
      <datafield tag="650" ind1=" " ind2="7">
         <subfield code="a">Santé publique</subfield>
         <subfield code="z">Grèce</subfield>
         <subfield code="y">Antiquité</subfield>
         <subfield code="x">Congrès.</subfield>
         <subfield code="2">ram</subfield>
      </datafield>
      <datafield tag="650" ind1=" " ind2="7">
         <subfield code="a">Approvisionnement en eau</subfield>
         <subfield code="z">Grèce</subfield>
         <subfield code="y">Antiquité</subfield>
         <subfield code="x">Congrès.</subfield>
         <subfield code="2">ram</subfield>
      </datafield>
      <datafield tag="650" ind1=" " ind2="7">
         <subfield code="a">Habitudes sanitaires</subfield>
         <subfield code="z">Grèce</subfield>
         <subfield code="y">Antiquité</subfield>
         <subfield code="x">Congrès.</subfield>
         <subfield code="2">ram</subfield>
      </datafield>
      <datafield tag="650" ind1=" " ind2="7">
         <subfield code="a">Maladies</subfield>
         <subfield code="z">Grèce</subfield>
         <subfield code="y">Antiquité</subfield>
         <subfield code="x">Congrès.</subfield>
         <subfield code="2">ram</subfield>
      </datafield>
      <datafield tag="650" ind1=" " ind2="7">
         <subfield code="a">Bains</subfield>
         <subfield code="z">Grèce</subfield>
         <subfield code="y">Antiquité</subfield>
         <subfield code="x">Congrès.</subfield>
         <subfield code="2">ram</subfield>
      </datafield>
      <datafield tag="650" ind1=" " ind2="7">
         <subfield code="a">Eau</subfield>
         <subfield code="x">Congrès.</subfield>
         <subfield code="2">ram</subfield>
      </datafield>
      <datafield tag="650" ind1=" " ind2="7">
         <subfield code="a">Hydrothérapie</subfield>
         <subfield code="z">Grèce</subfield>
         <subfield code="y">Antiquité</subfield>
         <subfield code="x">Congrès.</subfield>
         <subfield code="2">ram</subfield>
      </datafield>
      <datafield tag="650" ind1=" " ind2="7">
         <subfield code="a">Médecine grecque et romaine</subfield>
         <subfield code="x">Congrès.</subfield>
         <subfield code="2">ram</subfield>
      </datafield>
      <datafield tag="650" ind1=" " ind2="7">
         <subfield code="a">Eau</subfield>
         <subfield code="x">Aspect symbolique</subfield>
         <subfield code="x">Congrès.</subfield>
         <subfield code="2">ram</subfield>
      </datafield>
      <datafield tag="653" ind1=" " ind2="0">
         <subfield code="a">Geschichte</subfield>
      </datafield>
      <datafield tag="653" ind1=" " ind2="2">
         <subfield code="a">History of Medicine, Ancient / Greece / congresses</subfield>
      </datafield>
      <datafield tag="653" ind1=" " ind2="2">
         <subfield code="a">Water Supply / history / Greece / congresses</subfield>
      </datafield>
      <datafield tag="655" ind1=" " ind2="7">
         <subfield code="a">Conference proceedings.</subfield>
         <subfield code="2">fast</subfield>
         <subfield code="0">(OCoLC)fst01423772</subfield>
      </datafield>
      <datafield tag="655" ind1=" " ind2="7">
         <subfield code="a">History.</subfield>
         <subfield code="2">fast</subfield>
         <subfield code="0">(OCoLC)fst01411628</subfield>
      </datafield>
      <datafield tag="700" ind1="1" ind2=" ">
         <subfield code="a">Ginouvès, René.</subfield>
      </datafield>
      <datafield tag="700" ind1="1" ind2=" ">
         <subfield code="a">Guimier-Sorbets, Anne-Marie.</subfield>
      </datafield>
      <datafield tag="700" ind1="1" ind2=" ">
         <subfield code="a">Jouanna, Jacques.</subfield>
      </datafield>
      <datafield tag="700" ind1="1" ind2=" ">
         <subfield code="a">Villard, Laurence.</subfield>
      </datafield>
      <datafield tag="776" ind1="0" ind2="8">
         <subfield code="i">Online version:</subfield>
         <subfield code="t">Eau, la santé et la maladie dans le monde grec.</subfield>
         <subfield code="d">Athènes : Ecole française d'Athènes ; Paris : De Boccard, 1994</subfield>
         <subfield code="w">(OCoLC)622216367</subfield>
      </datafield>
      <datafield tag="830" ind1=" " ind2="0">
         <subfield code="a">Bulletin de correspondance hellénique.</subfield>
         <subfield code="p">Supplément ;</subfield>
         <subfield code="v">28.</subfield>
      </datafield>
      <datafield tag="994" ind1=" " ind2=" ">
         <subfield code="a">Z0</subfield>
         <subfield code="b">ZYU</subfield>
      </datafield>
      <datafield tag="OWN" ind1=" " ind2=" ">
         <subfield code="a">GENERAL</subfield>
      </datafield>
      <datafield tag="AVA" ind1=" " ind2=" ">
         <subfield code="a">NYU50</subfield>
         <subfield code="b">NISAW</subfield>
         <subfield code="c">Small Collection</subfield>
         <subfield code="d">TD216 .E28 1994</subfield>
         <subfield code="e">available</subfield>
         <subfield code="t">Available</subfield>
         <subfield code="f">1</subfield>
         <subfield code="g">0</subfield>
         <subfield code="h">N</subfield>
         <subfield code="i">0</subfield>
         <subfield code="j">SMALL</subfield>
         <subfield code="k">0</subfield>
      </datafield>
      <marc:datafield tag="852" ind1=" " ind2=" ">
         <marc:subfield code="b">Institute for the Study of the Ancient World, </marc:subfield>
         <marc:subfield code="c">Small Collection</marc:subfield>
         <marc:subfield code="e">15 East 84th St., </marc:subfield>
         <marc:subfield code="e">New York, NY  10028</marc:subfield>
      </marc:datafield>
   </record>