
  
  
  
  
  
  
 
  
  <record xsi:schemaLocation="http://www.loc.gov/MARC21/slim http://www.loc.gov/standards/marcxml/schema/MARC21slim.xsd">
      <leader>00000cam  2200673 a 4500</leader>
      <controlfield tag="FMT">BK</controlfield>
      <controlfield tag="LDR">00000cam  2200673 a 4500</controlfield>
      <controlfield tag="001">004068961</controlfield>
      <controlfield tag="003">OCoLC</controlfield>
      <controlfield tag="005">20141114162004.0</controlfield>
      <controlfield tag="008">141114s2010    cc a     b    100 0 chi d</controlfield>
      <datafield tag="010" ind1=" " ind2=" ">
         <subfield code="a">2012385194</subfield>
      </datafield>
      <datafield tag="020" ind1=" " ind2=" ">
         <subfield code="a">9787305086380</subfield>
      </datafield>
      <datafield tag="020" ind1=" " ind2=" ">
         <subfield code="a">730508638X</subfield>
      </datafield>
      <datafield tag="035" ind1=" " ind2=" ">
         <subfield code="a">(OCoLC)753324044</subfield>
      </datafield>
      <datafield tag="040" ind1=" " ind2=" ">
         <subfield code="a">BCBTC</subfield>
         <subfield code="b">eng</subfield>
         <subfield code="c">BCBTC</subfield>
         <subfield code="d">DLC</subfield>
         <subfield code="d">HUA</subfield>
         <subfield code="d">PIT</subfield>
         <subfield code="d">OCLCF</subfield>
         <subfield code="d">OCLCO</subfield>
         <subfield code="d">NNU</subfield>
      </datafield>
      <datafield tag="041" ind1="0" ind2=" ">
         <subfield code="a">chi</subfield>
         <subfield code="f">eng</subfield>
      </datafield>
      <datafield tag="042" ind1=" " ind2=" ">
         <subfield code="a">lccopycat</subfield>
      </datafield>
      <datafield tag="043" ind1=" " ind2=" ">
         <subfield code="a">a-cc---</subfield>
      </datafield>
      <datafield tag="050" ind1="0" ind2="0">
         <subfield code="a">HQ1767</subfield>
         <subfield code="b">.N885 2010</subfield>
      </datafield>
      <datafield tag="066" ind1=" " ind2=" ">
         <subfield code="c">$1</subfield>
      </datafield>
      <datafield tag="111" ind1="2" ind2=" ">
         <subfield code="6">880-01</subfield>
         <subfield code="a">Nü xing kao gu yu nü xing yi chan xue shu yan tao hui</subfield>
         <subfield code="n">(1st :</subfield>
         <subfield code="d">2010 :</subfield>
         <subfield code="c">Nanjing da xue)</subfield>
      </datafield>
      <datafield tag="245" ind1="1" ind2="0">
         <subfield code="6">880-02</subfield>
         <subfield code="a">Nü xing kao gu yu nü xing yi chan :</subfield>
         <subfield code="b">shou jie "Nü xing kao gu yu nü xing yi chan xue shu yan tao hui" lun wen ji /</subfield>
         <subfield code="c">Nanjing da xue li shi xi bian ; zhu bian He Yun'ao ; fu zhu bian Peng Youqin.</subfield>
      </datafield>
      <datafield tag="246" ind1="3" ind2="0">
         <subfield code="6">880-03</subfield>
         <subfield code="a">Shou jie "Nü xing kao gu yu nü xing yi chan xue shu yan tao hui" lun wen ji</subfield>
      </datafield>
      <datafield tag="246" ind1="3" ind2=" ">
         <subfield code="6">880-04</subfield>
         <subfield code="a">Shou jie Nü xing kao gu yu nü xing yi chan xue shu yan tao hui lun wen ji</subfield>
      </datafield>
      <datafield tag="250" ind1=" " ind2=" ">
         <subfield code="6">880-05</subfield>
         <subfield code="a">Di 1 ban.</subfield>
      </datafield>
      <datafield tag="260" ind1=" " ind2=" ">
         <subfield code="6">880-06</subfield>
         <subfield code="a">Nanjing Shi :</subfield>
         <subfield code="b">Nanjing da xue chu ban she,</subfield>
         <subfield code="c">2011.</subfield>
      </datafield>
      <datafield tag="300" ind1=" " ind2=" ">
         <subfield code="a">3, 4, 3, 315 p. :</subfield>
         <subfield code="b">ill. ;</subfield>
         <subfield code="c">23 cm.</subfield>
      </datafield>
      <datafield tag="500" ind1=" " ind2=" ">
         <subfield code="a">Conference held Aug. 13-15, 2010 at Nanjing University, China.</subfield>
      </datafield>
      <datafield tag="504" ind1=" " ind2=" ">
         <subfield code="a">Includes bibliographical references.</subfield>
      </datafield>
      <datafield tag="505" ind1="0" ind2="0">
         <subfield code="6">880-07</subfield>
         <subfield code="g">Di yi bu fen. Nu xing kao gu.</subfield>
         <subfield code="t">Mei guo xing bie kao gu de yan jiu qi shi /</subfield>
         <subfield code="r">Chen Chun --</subfield>
         <subfield code="t">Yan Shan nan bei di qu Xin shi qi shi dai nu xing su xiang /</subfield>
         <subfield code="r">Suo Xiufen, Li Shaobing --</subfield>
         <subfield code="t">Yan Zhou Wanyin Dawenkou wen hua mu di de xing bie kao cha /</subfield>
         <subfield code="r">Wang Fen --</subfield>
         <subfield code="t">Zzhongguo shi qian shi qi can lan de nu xing wen hua：jianl un Yangshao wen hua wen guan zang /</subfield>
         <subfield code="r">Bin Juan --</subfield>
         <subfield code="t">Sheng zhi chong bai xiang zheng fu hao zhong xing bie zhi xiang de kao gu xue yan jiu : yi Xinjiang Xiaohe mu di wei li /</subfield>
         <subfield code="r">Dai Qian --</subfield>
         <subfield code="t">Shang Zhou shi qi nu xing mu zang zhong de jun shi jiang ling：Fu Hao yu Bai Fu mu de fen xi /</subfield>
         <subfield code="r">Yang Jianhua --</subfield>
         <subfield code="t">Han Wei shi qi Xianbei zang su de te zheng yu yan bian : xing bie he nian ling cha yi fen xi /</subfield>
         <subfield code="r">Pan Ling --</subfield>
         <subfield code="t">Cong Han dai hua xiang zhuan shi kan gu dai she hui de nan geng nu zhi：jian lun Han dai nu xing cong shi de she hui sheng chan huo dong /</subfield>
         <subfield code="r">Li Yanfeng --</subfield>
         <subfield code="t">Liang Jin shi qi de ji zuo nu xing du zang mu /</subfield>
         <subfield code="r">Wu Jun --</subfield>
         <subfield code="t">Cong mu zang fa xian kan feng jian she hui lun li zhong de Song dai zhong shang ceng nu xing xing xiang /</subfield>
         <subfield code="r">Liao Wangchun --</subfield>
         <subfield code="t">Ming dai Jiangnan nu xing jin yin shou shi shi tan：yi Jiangyin bo wu guan cang Ming dai jin yin shou shi wei li /</subfield>
         <subfield code="r">Wen Xuehua --</subfield>
         <subfield code="t">Ming chu nu xing sheng huo yi pie：yi Ming Zhang Yi zu mu "Huang ru ren mu zhi ming" wei li /</subfield>
         <subfield code="r">He Yanran --</subfield>
         <subfield code="t">Chuan tong min ju bu ju yu nu xing wen hua cha yi /</subfield>
         <subfield code="r">Zhai Siyuan</subfield>
      </datafield>
      <datafield tag="505" ind1="0" ind2="0">
         <subfield code="6">880-08</subfield>
         <subfield code="g">Di er bu fen. Nu shen xin yang.</subfield>
         <subfield code="t">Shi xi Guanyin zao xiang de xing bie bian huan ji qi yuan yin /</subfield>
         <subfield code="r">Fu Yongli --</subfield>
         <subfield code="t">Cong Nuwa tu xiang kan nan quan she hui zhong de nu shen xing xiang /</subfield>
         <subfield code="r">Peng Youqin --</subfield>
         <subfield code="t">Can sang chong bai zhong de nu xing se cai：jian lun Zhongguo de si wen hua /</subfield>
         <subfield code="r">Zhang Wei --</subfield>
         <subfield code="t">Nanjing gu dai de nu shen xin xiang /</subfield>
         <subfield code="r">Xu Longmei --</subfield>
         <subfield code="t">Bu fen Shijia dan sheng gu zhong de ti xiang de xing bie guan nian /</subfield>
         <subfield code="r">Geng Jian --</subfield>
         <subfield code="t">Xing cun zai hai yang zhong de nu xing wen ming：Aiqin Hai yi shu fen xi /</subfield>
         <subfield code="r">Shen Zichen --</subfield>
         <subfield code="g">Di san bu fen. Jie chu nu xing.</subfield>
         <subfield code="t">Yi dai feng hua liang dai nu jie ：nu kao gu xue jia Zeng Zhaobing he You Shou xian sheng li zan /</subfield>
         <subfield code="r">He Yunxiang --</subfield>
         <subfield code="t">He Zhenghuang：20 shi ji Zhongguo wen bo jie de jie chu nu xing /</subfield>
         <subfield code="r">Cai Changlin --</subfield>
         <subfield code="t">Hehuang qi nu zi， chong po nu jin di yi ren：ji Qinghai di yi wei nu da xue sheng Deng Chunlan /</subfield>
         <subfield code="r">Xu Hongmei --</subfield>
         <subfield code="t">Shen Shou yu Nantong nu gong chuan xi suo /</subfield>
         <subfield code="r">Zhang Lei, Zhang Can --</subfield>
         <subfield code="t">Wang Tingmei he ta de shou nie wei xing zi shan hu /</subfield>
         <subfield code="r">Xu Qu --</subfield>
      </datafield>
      <datafield tag="505" ind1="0" ind2="0">
         <subfield code="6">880-09</subfield>
         <subfield code="g">Di si bu fen. Nu xing yi chan.</subfield>
         <subfield code="t">Fei wu zhi wen hua yi chan shi ye xia de nu hong wen hua /</subfield>
         <subfield code="r">Dong Jing --</subfield>
         <subfield code="t">“Tian zu” yu “Jin lian” xiao yi /</subfield>
         <subfield code="r">Zhang Jia --</subfield>
         <subfield code="t">"Nu shi zhen" yu "Nu shi zhen tu" de wen hua suo yuan /</subfield>
         <subfield code="r">Liu Liyun --</subfield>
         <subfield code="t">"Yin hong ji" yu Wang Duanshu de yi min xie zuo /</subfield>
         <subfield code="r">Tang Xinmei --</subfield>
         <subfield code="t">Liu Zhumei yu fei wu zhi wen hua yi chan : mian zhu nian hua /</subfield>
         <subfield code="r">Zhao Lin.</subfield>
         <subfield code="g">Di wu bu fen. Man tan.</subfield>
         <subfield code="t">Zai “Nu xing kao gu yu nu xing yi chan xue shu yan tao hui” kai mu shi shuang de jiang hua (Chen Qianping jiao shou zhi ci, Yang Jianhua jiao shou, Chen Chun jiao shou zhi ci, Teng Minyu jiao shou zhu ti fa yan, He Yunxiang jiao shou fa yan) --</subfield>
         <subfield code="t">Nu xing kao gu de li chang he ren shi lun /</subfield>
         <subfield code="r">Wang Xiaoying --</subfield>
         <subfield code="t">Qian tan nu xing wen hua de fa zhan /</subfield>
         <subfield code="r">Mao Min --</subfield>
         <subfield code="t">Gu dai Zhongguo nu xing wen hua chuang zao li tan wei /</subfield>
         <subfield code="r">Ma Zhaozhong.</subfield>
      </datafield>
      <datafield tag="546" ind1=" " ind2=" ">
         <subfield code="a">Table of contents also in English.</subfield>
      </datafield>
      <datafield tag="650" ind1=" " ind2="0">
         <subfield code="a">Women</subfield>
         <subfield code="z">China</subfield>
         <subfield code="x">History</subfield>
         <subfield code="v">Congresses.</subfield>
      </datafield>
      <datafield tag="650" ind1=" " ind2="0">
         <subfield code="a">Women</subfield>
         <subfield code="z">China</subfield>
         <subfield code="x">Social life and customs</subfield>
         <subfield code="v">Congresses.</subfield>
      </datafield>
      <datafield tag="650" ind1=" " ind2="0">
         <subfield code="a">Women</subfield>
         <subfield code="z">China</subfield>
         <subfield code="x">Social conditions</subfield>
         <subfield code="v">Congresses.</subfield>
      </datafield>
      <datafield tag="650" ind1=" " ind2="7">
         <subfield code="a">Women.</subfield>
         <subfield code="2">fast</subfield>
         <subfield code="0">(OCoLC)fst01176568</subfield>
      </datafield>
      <datafield tag="650" ind1=" " ind2="7">
         <subfield code="a">Women</subfield>
         <subfield code="x">Social conditions.</subfield>
         <subfield code="2">fast</subfield>
         <subfield code="0">(OCoLC)fst01176947</subfield>
      </datafield>
      <datafield tag="650" ind1=" " ind2="7">
         <subfield code="a">Women</subfield>
         <subfield code="x">Social life and customs.</subfield>
         <subfield code="2">fast</subfield>
         <subfield code="0">(OCoLC)fst01176964</subfield>
      </datafield>
      <datafield tag="651" ind1=" " ind2="7">
         <subfield code="a">China.</subfield>
         <subfield code="2">fast</subfield>
         <subfield code="0">(OCoLC)fst01206073</subfield>
      </datafield>
      <datafield tag="655" ind1=" " ind2="7">
         <subfield code="a">Conference proceedings.</subfield>
         <subfield code="2">fast</subfield>
         <subfield code="0">(OCoLC)fst01423772</subfield>
      </datafield>
      <datafield tag="655" ind1=" " ind2="7">
         <subfield code="a">History.</subfield>
         <subfield code="2">fast</subfield>
         <subfield code="0">(OCoLC)fst01411628</subfield>
      </datafield>
      <datafield tag="700" ind1="1" ind2=" ">
         <subfield code="a">He, Yun'ao</subfield>
         <subfield code="6">880-10</subfield>
      </datafield>
      <datafield tag="710" ind1="2" ind2=" ">
         <subfield code="a">Nanjing da xue.</subfield>
         <subfield code="b">Li shi xi</subfield>
         <subfield code="6">880-11</subfield>
      </datafield>
      <datafield tag="880" ind1="2" ind2=" ">
         <subfield code="6">111-01/</subfield>
         <subfield code="a">女性考古与女性遗产学术研讨会</subfield>
         <subfield code="n">(1st :</subfield>
         <subfield code="d">2010 :</subfield>
         <subfield code="c">Nanjing da xue)</subfield>
      </datafield>
      <datafield tag="880" ind1="1" ind2="0">
         <subfield code="6">245-02/</subfield>
         <subfield code="a">女性考古与女性遗产 :</subfield>
         <subfield code="b">首届"女性考古与女性遗产学术研讨会"论文集 /</subfield>
         <subfield code="c">南京大学历史系编 ; 主编贺云翱 ; 副主编彭友琴.</subfield>
      </datafield>
      <datafield tag="880" ind1="3" ind2="0">
         <subfield code="6">246-03/</subfield>
         <subfield code="a">首届"女性考古与女性遗产学术研讨会"论文集</subfield>
      </datafield>
      <datafield tag="880" ind1="3" ind2=" ">
         <subfield code="6">246-04/</subfield>
         <subfield code="a">首届女性考古与女性遗产学术研讨会论文集</subfield>
      </datafield>
      <datafield tag="880" ind1=" " ind2=" ">
         <subfield code="6">250-05/</subfield>
         <subfield code="a">第1版.</subfield>
      </datafield>
      <datafield tag="880" ind1=" " ind2=" ">
         <subfield code="6">260-06/</subfield>
         <subfield code="a">南京市 :</subfield>
         <subfield code="b">南京大学出版社,</subfield>
         <subfield code="c">2011.</subfield>
      </datafield>
      <datafield tag="880" ind1="0" ind2="0">
         <subfield code="6">505-07/</subfield>
         <subfield code="g">第一部分. 女性考古.</subfield>
         <subfield code="t">美国性别考古的研究及启示 /</subfield>
         <subfield code="r">陈淳 --</subfield>
         <subfield code="t">燕山南北地区新石器时代女性塑像 /</subfield>
         <subfield code="r">索秀芬,李少兵 --</subfield>
         <subfield code="t">兖州王因大汶口文化墓地的性别考察 /</subfield>
         <subfield code="r">王芬 --</subfield>
         <subfield code="t">中国史前时期灿烂的女性文化：兼论仰韶文化瓮棺葬 /</subfield>
         <subfield code="r">宾娟 --</subfield>
         <subfield code="t">生殖崇拜象征符号中性别指向的考古学研究：以新疆小河墓地为例 /</subfield>
         <subfield code="r">戴茜 --</subfield>
         <subfield code="t">商周时期女性墓葬中的军事将领：妇好墓与白浮墓的分析 /</subfield>
         <subfield code="r">杨建华 --</subfield>
         <subfield code="t">汉魏时期鲜卑葬俗的特征与演变：性别和年龄差异分析 /</subfield>
         <subfield code="r">潘玲 --</subfield>
         <subfield code="t">从汉代画像砖石看古代社会的男耕女织：兼论汉代女性从事的社会生产活动 /</subfield>
         <subfield code="r">李彦峰 --</subfield>
         <subfield code="t">两晋时期的几座女性独葬墓 /</subfield>
         <subfield code="r">邬俊 --</subfield>
         <subfield code="t">从墓葬发现看封建伦理中的宋代中上层女性形象 /</subfield>
         <subfield code="r">廖望春 --</subfield>
         <subfield code="t">明代江南女性金银首饰试探：以江阴博物馆馆藏明代金银首饰为例 /</subfield>
         <subfield code="r">翁雪花 --</subfield>
         <subfield code="t">明初女性生活一瞥：以明张益祖母《黄孺人墓志铭》为例 /</subfield>
         <subfield code="r">贺匽然 --</subfield>
         <subfield code="t">传统民居布局与女性文化差异 /</subfield>
         <subfield code="r">翟思缘</subfield>
      </datafield>
      <datafield tag="880" ind1="0" ind2="0">
         <subfield code="6">505-08/</subfield>
         <subfield code="g">第二部分.女神信仰.</subfield>
         <subfield code="t">试析观音造像的性别变换及其原因 /</subfield>
         <subfield code="r">符永利 --</subfield>
         <subfield code="t">从女娲图像看男权社会中的女神形象 /</subfield>
         <subfield code="r">彭友琴 --</subfield>
         <subfield code="t">蚕桑崇拜中的女性色彩：兼论中国的丝文化 /</subfield>
         <subfield code="r">張玮 --</subfield>
         <subfield code="t">南京古代的女神信仰 /</subfield>
         <subfield code="r">徐龙梅 --</subfield>
         <subfield code="t">部分释迦诞生图中体现的性别观念 /</subfield>
         <subfield code="r">耿剑 --</subfield>
         <subfield code="t">幸存在海洋中的女性文明：爱琴海艺术分析 /</subfield>
         <subfield code="r">申子辰</subfield>
         <subfield code="g">第三部分.杰出女性.</subfield>
         <subfield code="t">一代风华 两位女杰：女考古学家曾昭炳和游寿先生礼赞 /</subfield>
         <subfield code="r">贺云翔 --</subfield>
         <subfield code="t">何正璜：20世纪中国文博界的杰出女性 /</subfield>
         <subfield code="r">蔡昌林 --</subfield>
         <subfield code="t">河湟奇女子， 冲破女禁第一人：记青海第一位女大学生邓春兰 /</subfield>
         <subfield code="r">许红梅 --</subfield>
         <subfield code="t">沈寿与南通女工传习所 /</subfield>
         <subfield code="r">张蕾, 张灿 --</subfield>
         <subfield code="t">王庭梅和她的手捏微型紫砂壶 /</subfield>
         <subfield code="r">徐曲</subfield>
      </datafield>
      <datafield tag="880" ind1="0" ind2="0">
         <subfield code="6">505-09/</subfield>
         <subfield code="g">第四部分 女性遗产.</subfield>
         <subfield code="t">非物质文化遗产视野下的女红文化 /</subfield>
         <subfield code="r">董静 --</subfield>
         <subfield code="t">“天足”与“金莲”小议 /</subfield>
         <subfield code="r">张佳 --</subfield>
         <subfield code="t">《女史箴》与《女史箴图》的文化溯源 /</subfield>
         <subfield code="r">刘立云 --</subfield>
         <subfield code="t">《吟红集》与王端淑的遗民写作 /</subfield>
         <subfield code="r">唐新梅 --</subfield>
         <subfield code="t">刘竹梅与非物质文化遗产 : 绵竹年画 /</subfield>
         <subfield code="r">赵琳</subfield>
         <subfield code="g">第五部分 漫谈</subfield>
         <subfield code="t">在“女性考古与女性遗产学术研讨会”开幕式上的讲话 (陈谦平教授致辞, 杨建华教授, 陈淳教授致辞, 滕铭予教授主题发言, 贺云翱教授发言) --</subfield>
         <subfield code="t">女性考古的立场和认识论 /</subfield>
         <subfield code="r">王小迎 --</subfield>
         <subfield code="t">浅谈女性文化的发展 /</subfield>
         <subfield code="r">毛敏 --</subfield>
         <subfield code="t">古代中国女性文化创造力探微 /</subfield>
         <subfield code="r">马兆中.</subfield>
      </datafield>
      <datafield tag="880" ind1="1" ind2=" ">
         <subfield code="6">700-10/</subfield>
         <subfield code="a">贺云翱.</subfield>
      </datafield>
      <datafield tag="880" ind1="2" ind2=" ">
         <subfield code="6">710-11/</subfield>
         <subfield code="a">南京大学.</subfield>
         <subfield code="b">历史系.</subfield>
      </datafield>
      <datafield tag="994" ind1=" " ind2=" ">
         <subfield code="a">Z0</subfield>
         <subfield code="b">ZYU</subfield>
      </datafield>
      <datafield tag="OWN" ind1=" " ind2=" ">
         <subfield code="a">GENERAL</subfield>
      </datafield>
      <datafield tag="AVA" ind1=" " ind2=" ">
         <subfield code="a">NYU50</subfield>
         <subfield code="b">NISAW</subfield>
         <subfield code="c">Small Collection</subfield>
         <subfield code="d">HQ1767 .N885 2010</subfield>
         <subfield code="e">available</subfield>
         <subfield code="t">Available</subfield>
         <subfield code="f">1</subfield>
         <subfield code="g">0</subfield>
         <subfield code="h">N</subfield>
         <subfield code="i">0</subfield>
         <subfield code="j">SMALL</subfield>
         <subfield code="k">0</subfield>
      </datafield>
      <marc:datafield tag="852" ind1=" " ind2=" ">
         <marc:subfield code="b">Institute for the Study of the Ancient World, </marc:subfield>
         <marc:subfield code="c">Small Collection</marc:subfield>
         <marc:subfield code="e">15 East 84th St., </marc:subfield>
         <marc:subfield code="e">New York, NY  10028</marc:subfield>
      </marc:datafield>
   </record>