
  
  
  
  
  
 
  
  <record xsi:schemaLocation="http://www.loc.gov/MARC21/slim http://www.loc.gov/standards/marcxml/schema/MARC21slim.xsd">
      <leader>00000cam  2200613 a 4500</leader>
      <controlfield tag="FMT">BK</controlfield>
      <controlfield tag="LDR">00000cam  2200613 a 4500</controlfield>
      <controlfield tag="001">004069693</controlfield>
      <controlfield tag="003">OCoLC</controlfield>
      <controlfield tag="005">20141117093408.0</controlfield>
      <controlfield tag="008">141117s2006    ch ab    b    100 0 chi d</controlfield>
      <datafield tag="010" ind1=" " ind2=" ">
         <subfield code="a">2008555139</subfield>
      </datafield>
      <datafield tag="020" ind1=" " ind2=" ">
         <subfield code="a">7030183169</subfield>
      </datafield>
      <datafield tag="020" ind1=" " ind2=" ">
         <subfield code="a">9787030183163</subfield>
      </datafield>
      <datafield tag="035" ind1=" " ind2=" ">
         <subfield code="a">(OCoLC)156789479</subfield>
      </datafield>
      <datafield tag="040" ind1=" " ind2=" ">
         <subfield code="a">PIT</subfield>
         <subfield code="b">eng</subfield>
         <subfield code="c">PIT</subfield>
         <subfield code="d">DLC</subfield>
         <subfield code="d">ZCU</subfield>
         <subfield code="d">OCLCF</subfield>
         <subfield code="d">NNU</subfield>
      </datafield>
      <datafield tag="041" ind1="0" ind2=" ">
         <subfield code="a">chi</subfield>
         <subfield code="f">eng</subfield>
      </datafield>
      <datafield tag="042" ind1=" " ind2=" ">
         <subfield code="a">lccopycat</subfield>
      </datafield>
      <datafield tag="043" ind1=" " ind2=" ">
         <subfield code="a">a-cc---</subfield>
         <subfield code="a">e-sw---</subfield>
      </datafield>
      <datafield tag="050" ind1="0" ind2="0">
         <subfield code="a">DS715</subfield>
         <subfield code="b">.S6 2005</subfield>
      </datafield>
      <datafield tag="066" ind1=" " ind2=" ">
         <subfield code="c">$1</subfield>
      </datafield>
      <datafield tag="111" ind1="2" ind2=" ">
         <subfield code="6">880-06</subfield>
         <subfield code="a">Sino-Sweden Archaeology Forum</subfield>
         <subfield code="n">(1st :</subfield>
         <subfield code="d">2005 :</subfield>
         <subfield code="c">Beijing, China)</subfield>
      </datafield>
      <datafield tag="245" ind1="1" ind2="0">
         <subfield code="6">880-01</subfield>
         <subfield code="a">Zhongguo kao gu xue yu Ruidian kao gu xue :</subfield>
         <subfield code="b">Di yi jie Zhong Rui kao gu xue lun tan wen ji /</subfield>
         <subfield code="c">Zhongguo she hui ke xue yuan kao gu yan jiu suo, Ruidian guo jia yi chan wei yuan hui kao gu yan jiu suo bian.</subfield>
      </datafield>
      <datafield tag="246" ind1="3" ind2="0">
         <subfield code="6">880-02</subfield>
         <subfield code="a">Di yi jie Zhong Rui kao gu xue lun tan wen ji</subfield>
      </datafield>
      <datafield tag="246" ind1="1" ind2="5">
         <subfield code="a">Archaeology in China and Sweden:</subfield>
         <subfield code="b">Papers presented at the First Sino-Sweden archaeology forum</subfield>
      </datafield>
      <datafield tag="250" ind1=" " ind2=" ">
         <subfield code="6">880-03</subfield>
         <subfield code="a">Di 1 ban.</subfield>
      </datafield>
      <datafield tag="260" ind1=" " ind2=" ">
         <subfield code="6">880-04</subfield>
         <subfield code="a">Beijing :</subfield>
         <subfield code="b">Ke xue chu ban she,</subfield>
         <subfield code="c">2006.</subfield>
      </datafield>
      <datafield tag="300" ind1=" " ind2=" ">
         <subfield code="a">vi, 222 p. :</subfield>
         <subfield code="b">ill., maps ;</subfield>
         <subfield code="c">28 cm.</subfield>
      </datafield>
      <datafield tag="505" ind1="0" ind2="0">
         <subfield code="6">880-05</subfield>
         <subfield code="t">Xu yi /</subfield>
         <subfield code="r">Liu Qing zhu --</subfield>
         <subfield code="t">Xu er /</subfield>
         <subfield code="r">Bente K．A．Yuehansong --</subfield>
         <subfield code="t">Dang qian Zhongguo gu dai zao qi du cheng (huo du yi) kao gu de xin jin zhan yu xin si kao /</subfield>
         <subfield code="r">Liu Qingzhu --</subfield>
         <subfield code="t">Guan yu Zhonghua wen min qi yuan de ji ge wen ti /</subfield>
         <subfield code="r">Wang Wei --</subfield>
         <subfield code="t">zhongguo gu dai ye jin shu qi yuan de kao gu xue guan cha: yi tong he tie wei zhong xin /</subfield>
         <subfield code="r">Bai Yunxiang --</subfield>
         <subfield code="t">Cong hui zui fa jue kan Zhongguo zao qi guo jia de shi qi gong ue /</subfield>
         <subfield code="r">Chen Xingcan --</subfield>
         <subfield code="t">Erlitou yi zhi ji qi zhou bian qu yu de ju luo kao gu xue yan jiu /</subfield>
         <subfield code="r">Xu Hong --</subfield>
         <subfield code="t">Lun Zhongguo gu dai jia zhu he jia ma de qi yuan /</subfield>
         <subfield code="r">Yuan Jing --</subfield>
         <subfield code="t">Xiao mi qi yuan de yan jiu: zhi wu xue kao gu xin zi liao he sheng tai xue fen xi /</subfield>
         <subfield code="r">Zhao Zhijun --</subfield>
         <subfield code="t">Ji yu GIS ji shu de ju luo kao gu yan jiu /</subfield>
         <subfield code="r">Liu Jianguo --</subfield>
         <subfield code="t">Di ci tan ce yu kao gu fa xian /</subfield>
         <subfield code="r">Zhong Jian --</subfield>
         <subfield code="t">Nei Menggu Chifeng Shi Xinglongwa ju shi zang de ren gu diao cha /</subfield>
         <subfield code="r">zhang Jun, Babala Li Shimisi --</subfield>
         <subfield code="t">Ruidian shi qian shi gai shu /</subfield>
         <subfield code="r">Andesi Kalifu --</subfield>
         <subfield code="t">Zui chu de Xin shi qi shi dai gai nian /</subfield>
         <subfield code="r">Mangnusi Andesong --</subfield>
         <subfield code="t">Chong jian gu dai ju min de ri chang sheng huo /</subfield>
         <subfield code="r">Kaluolin Anxini --</subfield>
         <subfield code="t">Gongyuan chu zhi 1700 nian Ruidian cheng shi hua gai shu /</subfield>
         <subfield code="r">Laersi Aisigede --</subfield>
         <subfield code="t">Ye jin kao gu: kao gu zi liao he fen xi jie guo de tou shi /</subfield>
         <subfield code="r">Laina Gelangdan --</subfield>
         <subfield code="t">Cong qu yu dao di fang: Ruidian kao gu de bao fen fen xi /</subfield>
         <subfield code="r">Peier Lageluosi --</subfield>
         <subfield code="t">Tie ye shu zi jian dang /</subfield>
         <subfield code="r">KalinLunde --</subfield>
         <subfield code="t">Ruidian guo jia yi chan wei yuan hui de he tong kao gu jian jie /</subfield>
         <subfield code="r">Laersi Aisigede.</subfield>
      </datafield>
      <datafield tag="546" ind1=" " ind2=" ">
         <subfield code="a">Table of contents also in English.</subfield>
      </datafield>
      <datafield tag="500" ind1=" " ind2=" ">
         <subfield code="a">Proceedings of conference held Sept. 26-27, 2005 in Beijing.</subfield>
      </datafield>
      <datafield tag="504" ind1=" " ind2=" ">
         <subfield code="a">Includes bibliographical references.</subfield>
      </datafield>
      <datafield tag="651" ind1=" " ind2="0">
         <subfield code="a">China</subfield>
         <subfield code="x">Antiquities</subfield>
         <subfield code="v">Congresses.</subfield>
      </datafield>
      <datafield tag="651" ind1=" " ind2="0">
         <subfield code="a">Sweden</subfield>
         <subfield code="x">Antiquities</subfield>
         <subfield code="v">Congresses.</subfield>
      </datafield>
      <datafield tag="650" ind1=" " ind2="7">
         <subfield code="a">Antiquities.</subfield>
         <subfield code="2">fast</subfield>
         <subfield code="0">(OCoLC)fst00810745</subfield>
      </datafield>
      <datafield tag="651" ind1=" " ind2="7">
         <subfield code="a">China.</subfield>
         <subfield code="2">fast</subfield>
         <subfield code="0">(OCoLC)fst01206073</subfield>
      </datafield>
      <datafield tag="651" ind1=" " ind2="7">
         <subfield code="a">Sweden.</subfield>
         <subfield code="2">fast</subfield>
         <subfield code="0">(OCoLC)fst01204537</subfield>
      </datafield>
      <datafield tag="655" ind1=" " ind2="7">
         <subfield code="a">Conference proceedings.</subfield>
         <subfield code="2">fast</subfield>
         <subfield code="0">(OCoLC)fst01423772</subfield>
      </datafield>
      <datafield tag="710" ind1="1" ind2=" ">
         <subfield code="a">Sweden.</subfield>
         <subfield code="b">Riksantikvarieämbetet.</subfield>
         <subfield code="b">Arkeologiska undersökningar.</subfield>
      </datafield>
      <datafield tag="710" ind1="2" ind2=" ">
         <subfield code="6">880-06</subfield>
         <subfield code="a">Zhongguo she hui ke xue yuan.</subfield>
         <subfield code="b">Kao gu yan jiu suo.</subfield>
      </datafield>
      <datafield tag="880" ind1="2" ind2=" ">
         <subfield code="6">111-06/</subfield>
         <subfield code="a">中瑞考古学论坛</subfield>
         <subfield code="n">(1st :</subfield>
         <subfield code="d">2005 :</subfield>
         <subfield code="c">Beijing, China)</subfield>
      </datafield>
      <datafield tag="880" ind1="1" ind2="0">
         <subfield code="6">245-01/</subfield>
         <subfield code="a">中国考古学与瑞典考古学 :</subfield>
         <subfield code="b">第一届中瑞考古学论坛文集 /</subfield>
         <subfield code="c">中国社会科学院考古研究所, 瑞典国家遗产委员会考古研究所编.</subfield>
      </datafield>
      <datafield tag="880" ind1="3" ind2="0">
         <subfield code="6">246-02/</subfield>
         <subfield code="a">第一届中瑞考古学论坛文集</subfield>
      </datafield>
      <datafield tag="880" ind1=" " ind2=" ">
         <subfield code="6">250-03/</subfield>
         <subfield code="a">第1版.</subfield>
      </datafield>
      <datafield tag="880" ind1=" " ind2=" ">
         <subfield code="6">260-04/</subfield>
         <subfield code="a">北京 :</subfield>
         <subfield code="b">科学出版社,</subfield>
         <subfield code="c">2006.</subfield>
      </datafield>
      <datafield tag="880" ind1="0" ind2="0">
         <subfield code="6">505-05/</subfield>
         <subfield code="t">序一 /</subfield>
         <subfield code="r">刘庆柱 序二 /</subfield>
         <subfield code="r">本特·K．A．约翰松 --</subfield>
         <subfield code="t">当前中国古代早期都城(或都邑)考古的新进展与新思考 /</subfield>
         <subfield code="r">刘庆柱 --</subfield>
         <subfield code="t">关于中华文明起源研究的几个问题 /</subfield>
         <subfield code="r">王巍 --</subfield>
         <subfield code="t">中国古代冶金术起源的考古学观察: 以铜和铁为中心 /</subfield>
         <subfield code="r">白云翔 --</subfield>
         <subfield code="t">从灰嘴发掘看中国早期国家的石器工业 /</subfield>
         <subfield code="r">陈星灿 --</subfield>
         <subfield code="t">二里头遗址及其周边区域的聚落考古学研究 /</subfield>
         <subfield code="r">许宏 --</subfield>
         <subfield code="t">沦中国古代家猪和家马的起源 /</subfield>
         <subfield code="r">袁靖 --</subfield>
         <subfield code="t">小米起源的研究: 植物考古学新资料和生态学分析 /</subfield>
         <subfield code="r">赵志军 --</subfield>
         <subfield code="t">基于GIS技术的聚落考古研究 /</subfield>
         <subfield code="r">刘建国 地磁探测与考古发现 /</subfield>
         <subfield code="r">钟健 --</subfield>
         <subfield code="t">内蒙古赤峰市兴隆洼居室葬的人骨调查 /</subfield>
         <subfield code="r">张君, 巴巴拉·李·史密斯 --</subfield>
         <subfield code="t">瑞典史前史概述 /</subfield>
         <subfield code="r">安德斯·卡利夫 --</subfield>
         <subfield code="t">最初的新石器时代概念 /</subfield>
         <subfield code="r">芒努斯·安德松 --</subfield>
         <subfield code="t">重建古代居民的日常生活 /</subfield>
         <subfield code="r">卡罗琳·阿西尼 --</subfield>
         <subfield code="t">公元初至1700年瑞典城市化概述 /</subfield>
         <subfield code="r">拉尔斯·埃斯戈德 --</subfield>
         <subfield code="t">冶金考古: 考古资料和分析结果的透视 /</subfield>
         <subfield code="r">莱纳·格朗丹 --</subfield>
         <subfield code="t">从区域到地方: 瑞典考古的孢粉分析 /</subfield>
         <subfield code="r">佩尔·拉格罗斯 --</subfield>
         <subfield code="t">田野数字建档 /</subfield>
         <subfield code="r">卡琳·伦德 --</subfield>
         <subfield code="t">瑞典国家遗产委员会的合同考古简介 /</subfield>
         <subfield code="r">拉尔斯·埃斯戈德.</subfield>
      </datafield>
      <datafield tag="880" ind1="2" ind2=" ">
         <subfield code="6">710-06/</subfield>
         <subfield code="a">中国社会科学院.</subfield>
         <subfield code="b">考古研究所.</subfield>
      </datafield>
      <datafield tag="994" ind1=" " ind2=" ">
         <subfield code="a">Z0</subfield>
         <subfield code="b">ZYU</subfield>
      </datafield>
      <datafield tag="OWN" ind1=" " ind2=" ">
         <subfield code="a">GENERAL</subfield>
      </datafield>
      <datafield tag="AVA" ind1=" " ind2=" ">
         <subfield code="a">NYU50</subfield>
         <subfield code="b">NISAW</subfield>
         <subfield code="c">Small Collection</subfield>
         <subfield code="d">DS715 .S6 2005</subfield>
         <subfield code="e">available</subfield>
         <subfield code="t">Available</subfield>
         <subfield code="f">1</subfield>
         <subfield code="g">0</subfield>
         <subfield code="h">N</subfield>
         <subfield code="i">0</subfield>
         <subfield code="j">SMALL</subfield>
         <subfield code="k">0</subfield>
      </datafield>
      <marc:datafield tag="852" ind1=" " ind2=" ">
         <marc:subfield code="b">Institute for the Study of the Ancient World, </marc:subfield>
         <marc:subfield code="c">Small Collection</marc:subfield>
         <marc:subfield code="e">15 East 84th St., </marc:subfield>
         <marc:subfield code="e">New York, NY  10028</marc:subfield>
      </marc:datafield>
   </record>