
  
  
  
  
  
  
 
  
  <record xsi:schemaLocation="http://www.loc.gov/MARC21/slim http://www.loc.gov/standards/marcxml/schema/MARC21slim.xsd">
      <leader>00000cam  2200409 i 4500</leader>
      <controlfield tag="FMT">BK</controlfield>
      <controlfield tag="LDR">00000cam  2200409 i 4500</controlfield>
      <controlfield tag="001">004069749</controlfield>
      <controlfield tag="003">OCoLC</controlfield>
      <controlfield tag="005">20141209100121.0</controlfield>
      <controlfield tag="008">141117s2010    nyuaf    b    001 0 eng</controlfield>
      <datafield tag="010" ind1=" " ind2=" ">
         <subfield code="a">2010015880</subfield>
      </datafield>
      <datafield tag="020" ind1=" " ind2=" ">
         <subfield code="a">9780897223157 (alk. paper)</subfield>
      </datafield>
      <datafield tag="020" ind1=" " ind2=" ">
         <subfield code="a">0897223152 (alk. paper)</subfield>
      </datafield>
      <datafield tag="040" ind1=" " ind2=" ">
         <subfield code="a">NNU</subfield>
         <subfield code="b">eng</subfield>
         <subfield code="e">rda</subfield>
         <subfield code="c">NNU</subfield>
      </datafield>
      <datafield tag="043" ind1=" " ind2=" ">
         <subfield code="a">e-gr---</subfield>
      </datafield>
      <datafield tag="050" ind1=" " ind2="4">
         <subfield code="a">CJ309</subfield>
         <subfield code="b">.C65 2010</subfield>
      </datafield>
      <datafield tag="245" ind1="0" ind2="0">
         <subfield code="a">Greek hoards /</subfield>
         <subfield code="c">edited by Oliver Hoover, Andrew Meadows, Ute Wartenberg.</subfield>
      </datafield>
      <datafield tag="264" ind1=" " ind2="1">
         <subfield code="a">New York :</subfield>
         <subfield code="b">American Numismatic Society ;</subfield>
         <subfield code="a">[London] :</subfield>
         <subfield code="b">Royal Numismatic Society,</subfield>
         <subfield code="c">2010.</subfield>
      </datafield>
      <datafield tag="300" ind1=" " ind2=" ">
         <subfield code="a">viii, 281 pages, 67 pages of plates :</subfield>
         <subfield code="b">illustrations ;</subfield>
         <subfield code="c">31 cm.</subfield>
      </datafield>
      <datafield tag="490" ind1="1" ind2=" ">
         <subfield code="a">Coin hoards ;</subfield>
         <subfield code="v">v. 10</subfield>
      </datafield>
      <datafield tag="504" ind1=" " ind2=" ">
         <subfield code="a">Includes bibliographical references and indexes.</subfield>
      </datafield>
      <datafield tag="505" ind1="0" ind2="0">
         <subfield code="t">Commerce ("Seleucis I" hoard), 2005 (CH 10.265) /</subfield>
         <subfield code="r">Nelson, B. R. --</subfield>
         <subfield code="t">East Arachosia (Quetta) hoard, 2002 (CH 10.275) /</subfield>
         <subfield code="r">Miller, Richard P. --</subfield>
         <subfield code="t">Commerce ("Achaeus" hoard), 2002 (CH 10.277) /</subfield>
         <subfield code="r">Meadows, A. R. --</subfield>
         <subfield code="r">Lorber, Catharine C. --</subfield>
         <subfield code="t">Commerce ("Pamphylia or Cilicia" hoard), 2000 (CH.10.292) /</subfield>
         <subfield code="r">Hoover, Oliver D. --</subfield>
         <subfield code="t">Commerce ("Demetrius I" hoard), 2003 (CH 10.301) /</subfield>
         <subfield code="r">Lorber, Catharine C. --</subfield>
         <subfield code="t">The Gazinatep hoard, 1994 (CH 9.527; 10.308) /</subfield>
         <subfield code="r">Meadows, A. R. --</subfield>
         <subfield code="r">Houghton, Arthur --</subfield>
         <subfield code="t">Beth Ummar, Israel, 2001 (CH 10.315) /</subfield>
         <subfield code="r">Meadows, A. R. --</subfield>
         <subfield code="t">Northern Israel hoard, 2002 (CH 10.319) /</subfield>
         <subfield code="r">Hoover, Oliver D. --</subfield>
         <subfield code="t">Seleucia on the Calycadnus hoard, 2002 (CH 10.340) /</subfield>
         <subfield code="r">Lorber, Catharine C. --</subfield>
         <subfield code="t">A late Seleukid bronze hoard, c. 1988 (CH 10.349) /</subfield>
         <subfield code="r">Wright, Nicholas L.</subfield>
      </datafield>
      <datafield tag="650" ind1=" " ind2="0">
         <subfield code="a">Coins, Greek.</subfield>
      </datafield>
      <datafield tag="650" ind1=" " ind2="0">
         <subfield code="a">Coin hoards.</subfield>
      </datafield>
      <datafield tag="700" ind1="1" ind2=" ">
         <subfield code="a">Hoover, Oliver D.</subfield>
         <subfield code="q">(Oliver David),</subfield>
         <subfield code="d">1972-</subfield>
         <subfield code="e">editor of compilation.</subfield>
      </datafield>
      <datafield tag="700" ind1="1" ind2=" ">
         <subfield code="a">Meadows, Andrew</subfield>
         <subfield code="e">editor of compilation.</subfield>
      </datafield>
      <datafield tag="700" ind1="1" ind2=" ">
         <subfield code="a">Wartenberg, Ute</subfield>
         <subfield code="e">editor of compilation.</subfield>
      </datafield>
      <datafield tag="830" ind1=" " ind2="0">
         <subfield code="a">Coin hoards ;</subfield>
         <subfield code="v">v. 10</subfield>
      </datafield>
      <datafield tag="994" ind1=" " ind2=" ">
         <subfield code="a">Z0</subfield>
         <subfield code="b">ZYU</subfield>
      </datafield>
      <datafield tag="OWN" ind1=" " ind2=" ">
         <subfield code="a">GENERAL</subfield>
      </datafield>
      <datafield tag="AVA" ind1=" " ind2=" ">
         <subfield code="a">NYU50</subfield>
         <subfield code="b">NISAW</subfield>
         <subfield code="c">Large Collection</subfield>
         <subfield code="d">CJ309 .C65 2010</subfield>
         <subfield code="e">available</subfield>
         <subfield code="t">Available</subfield>
         <subfield code="f">1</subfield>
         <subfield code="g">0</subfield>
         <subfield code="h">N</subfield>
         <subfield code="i">0</subfield>
         <subfield code="j">LARGE</subfield>
         <subfield code="k">0</subfield>
      </datafield>
      <marc:datafield tag="852" ind1=" " ind2=" ">
         <marc:subfield code="b">Institute for the Study of the Ancient World, </marc:subfield>
         <marc:subfield code="c">Large Collection</marc:subfield>
         <marc:subfield code="e">15 East 84th St., </marc:subfield>
         <marc:subfield code="e">New York, NY  10028</marc:subfield>
      </marc:datafield>
   </record>