
  
  
  
  
  
 
  
  <record xsi:schemaLocation="http://www.loc.gov/MARC21/slim http://www.loc.gov/standards/marcxml/schema/MARC21slim.xsd">
      <leader>00000cam  22003495a 4500</leader>
      <controlfield tag="FMT">BK</controlfield>
      <controlfield tag="LDR">00000cam  22003495a 4500</controlfield>
      <controlfield tag="001">004064807</controlfield>
      <controlfield tag="003">OCoLC</controlfield>
      <controlfield tag="005">20141121120009.0</controlfield>
      <controlfield tag="008">141105s2012    cc            100 0 chi d</controlfield>
      <datafield tag="020" ind1=" " ind2=" ">
         <subfield code="a">9787030356208</subfield>
      </datafield>
      <datafield tag="020" ind1=" " ind2=" ">
         <subfield code="a">7030356209</subfield>
      </datafield>
      <datafield tag="035" ind1=" " ind2=" ">
         <subfield code="a">(OCoLC)838370494</subfield>
      </datafield>
      <datafield tag="040" ind1=" " ind2=" ">
         <subfield code="a">BCBTC</subfield>
         <subfield code="b">eng</subfield>
         <subfield code="c">BCBTC</subfield>
         <subfield code="d">ZYU</subfield>
         <subfield code="d">NNU</subfield>
      </datafield>
      <datafield tag="050" ind1=" " ind2="4">
         <subfield code="a">TN645.C5</subfield>
         <subfield code="b">Z46 2012</subfield>
      </datafield>
      <datafield tag="066" ind1=" " ind2=" ">
         <subfield code="c">$1</subfield>
      </datafield>
      <datafield tag="245" ind1="0" ind2="0">
         <subfield code="6">880-01</subfield>
         <subfield code="a">Zhongguo ye jin shi lun wen ji.</subfield>
         <subfield code="n">Di wu ji /</subfield>
         <subfield code="c">Zhongguo ke ji da xue ye jin yu cai liao shi yan jiu suo, Beijing ke ji da xue ke xue ji shu yu wen ming yan jiu zhong xin bian.</subfield>
      </datafield>
      <datafield tag="250" ind1=" " ind2=" ">
         <subfield code="6">880-02</subfield>
         <subfield code="a">Di 1 ban.</subfield>
      </datafield>
      <datafield tag="260" ind1=" " ind2=" ">
         <subfield code="6">880-03</subfield>
         <subfield code="a">Beijing :</subfield>
         <subfield code="b">Ke xue chu ban she,</subfield>
         <subfield code="c">2012.</subfield>
      </datafield>
      <datafield tag="300" ind1=" " ind2=" ">
         <subfield code="a">iv, 580 p. ;</subfield>
         <subfield code="b">ill., maps ;</subfield>
         <subfield code="c">26 cm.</subfield>
      </datafield>
      <datafield tag="520" ind1=" " ind2=" ">
         <subfield code="6">880-04</subfield>
         <subfield code="a">Ben shu shou lu le Beijing ke ji da xue ye jin yu cai liao shi yan jiu suo he Beijing ke ji da xue ke xue ji shu yu wen ming yan jiu zhong xin shi sheng zai quan guo ge di de he zuo zhe zai 2006-2011 nian fa biao de you guan ye jin shi de yan jiu lun wen ji jian ding bao gao, gong ji 41 pian, fa zhi fen zong he xing yan jiu, gu dai qing tong qi yan jiu, gu dai gang tie jie shu yan jiu, gu dai kuang ye yi zhi kao cha yu fen xi, jin shu gong yi ji shu yan jiu, wen xian kao zheng ji qi ta liu ge bu fen.</subfield>
      </datafield>
      <datafield tag="505" ind1="0" ind2="0">
         <subfield code="6">880-05</subfield>
         <subfield code="g">Zong he xing yan jiu.</subfield>
         <subfield code="t">“Bei fang xi qing tong qi ye: yi ge shu yu de “dan sheng" he ”cheng zhang" /</subfield>
         <subfield code="r">Mei Jianjun --</subfield>
         <subfield code="t">Guan yu wo guo bei fang Shang Zhou mu zang suo chu “Gong xing shi ye de ruo gan wen ti /</subfield>
         <subfield code="r">Mei Jianjun, Li Minghua --</subfield>
         <subfield code="t">Guan yu Xinjiang chu tu zao qi tong jing yan jiu de ji ge wen ti /</subfield>
         <subfield code="r">Mie Jianjun --</subfield>
         <subfield code="t">Guan yu Xinjiang gong yuan qian di yi qian ji jin shu ji shu de ji dian si kao /</subfield>
         <subfield code="r">Ling Yong, Mei Jianjun --</subfield>
         <subfield code="t">Zhongguo gu dai jin shu shi pin de jin xiang fen xi yu wen hua chan shi /</subfield>
         <subfield code="r">Zhang Meifang, Sun Shuyun, Han Rufen --</subfield>
         <subfield code="t">Yunnan gu Dian di qu de jin shu zhi zuo ji shu yu bei fang qing tong wen hua /</subfield>
         <subfield code="r">Han Rufen, Li Xiaoqin --</subfield>
         <subfield code="t">Zhongguo gu dai huang tong zhi pin yu ye lian ji shu de yan jiu zhuang kuang fen xi /</subfield>
         <subfield code="r">Ma Yue, Li Xiuhui.</subfield>
      </datafield>
      <datafield tag="505" ind1="0" ind2="0">
         <subfield code="a">06</subfield>
         <subfield code="g">Gu dai tong qi de ke xue yan jiu.</subfield>
         <subfield code="t">Qinghai Tongdezongri yi zhi chu tu tong qi de chu bu ke xue fen xi /</subfield>
         <subfield code="r">Xu Jianwei, Mei Jianjun, Gesangben, Chen Hongmei --</subfield>
         <subfield code="t">Qinghai Nangamatai mu di chu tu tong qi de chu bu ke xue fen xi /</subfield>
         <subfield code="r">Xu Jianwei, Mei Jianjun, Sun Shuyun, Xu Xinguo --</subfield>
         <subfield code="t">Xiaohe mu di chu tu san qian tong pian de chu bu fen xi /</subfield>
         <subfield code="r">Chen Kunkong, Ling Yong, Mei Jianjun, Yidilisi --</subfield>
         <subfield code="t">Shanxi Lingshi Xian Jinjiecun Shang mu chu tu tong qi de ke xue fen xi /</subfield>
         <subfield code="r">Chen Kunlong, Mei Jianjun --</subfield>
         <subfield code="t">Yunnan Jianchuan Xian Haimenkou yi zhi chu tu tong qi de ji shu fen xi ji qi nian dai /</subfield>
         <subfield code="r">Li Xiaoqin, Han Rufen --</subfield>
         <subfield code="t">Yunnan Chuxiogn Wanjiaba chu tu tong, xi qi de fen xi ji qi you guan wen ti /</subfield>
         <subfield code="r">Li Xiaoqin, Han Rufen, Sun Shuyun --</subfield>
         <subfield code="t">Yunnan Xiangyun Xian Dabona mu guo tong guan mu chu tu tong qi yan jiu /</subfield>
         <subfield code="r">Li Xiaoqin, Han Rufen --</subfield>
         <subfield code="t">Kunming cheng tian zi miao he guo shi pei cun chu tu tong tie qi de ke xue fen xi /</subfield>
         <subfield code="r">Li Xiaoqin, Dai Yali, Han Rufen, Tian Jian, Wang Han --</subfield>
         <subfield code="t">Xinjiang Yili Diqu chu tu shi qian tong qi de ke xue fen xi /</subfield>
         <subfield code="r">Ling Yong, Mei Jianjun, Lu Enguo --</subfield>
         <subfield code="t">Liangdai Cun liang Zhou mu di chu tu qing tong qi de chu tu jian ce fen xi /</subfield>
         <subfield code="r">Chen Kunlong, Mei Jianjun, Suo Bingjun --</subfield>
         <subfield code="t">Bei Jingshi Yanqin Xian Shan rong mu di chu tu tong qi de jian ding /</subfield>
         <subfield code="r">Han Rufen, Xu Zhengni --</subfield>
         <subfield code="t">Huaiyin Gaozhuang Zhanguo mu chu tu tong qi de gong yi yan jiu /</subfield>
         <subfield code="r">Sun Shuyun, Wang Jinchao, Tian Jianhua, Liu Jianhua --</subfield>
         <subfield code="t">Hubei Xiangyang Chenpo M10 chu tu jin shu qi de chu bu ke xue fen xi /</subfield>
         <subfield code="r">Meng Xiangwei, Mei Jianjun, Dong Yawei, Feng Shaolong, Han Chuwen --</subfield>
         <subfield code="t">Shanxi Xi'an chu tu de liang jian bo bi tong rong qi de ke xue fen xi /</subfield>
         <subfield code="r">Chen Kunlong, Mei Jianjun, Yue Lianjian</subfield>
      </datafield>
      <datafield tag="505" ind1="0" ind2="0">
         <subfield code="a">06</subfield>
         <subfield code="g">古代铜器的科学研究.</subfield>
         <subfield code="t">青海同德宗日遗址出土铜器的初步科学分析 /</subfield>
         <subfield code="r">徐建炜, 梅建军, 格桑本, 陈洪海 --</subfield>
         <subfield code="t">青海贵南尕马台墓地出土铜器的初步科学分析 /</subfield>
         <subfield code="r">徐建炜, 梅建军, 孙淑云, 许新国 --</subfield>
         <subfield code="t">小河墓地出土三件铜片的初步分析 /</subfield>
         <subfield code="r">陈坤龙, 凌 勇, 梅建军, 伊弟利斯 --</subfield>
         <subfield code="t">山西灵石县旌介村商墓出土铜器的科学分析 /</subfield>
         <subfield code="r">陈坤龙, 梅建军 --</subfield>
         <subfield code="t">云南剑川县海门口遗址出土铜器的技术分析及其年代 /</subfield>
         <subfield code="r">李晓岑, 韩汝玢 --</subfield>
         <subfield code="t">云南楚雄万家坝出土铜、锡器的分析及有关问题 /</subfield>
         <subfield code="r">李晓岑, 韩汝玢, 孙淑云 --</subfield>
         <subfield code="t">云南祥云县大波那木椁铜棺墓出土铜器研究 /</subfield>
         <subfield code="r">李晓岑, 韩汝玢 --</subfield>
         <subfield code="t">昆明呈贡天子庙和呈贡石碑村出土铜铁器的科学分析 /</subfield>
         <subfield code="r">李晓岑, 贠雅丽, 韩汝玢, 田建, 王涵 --</subfield>
         <subfield code="t">新疆伊犁地区出土史前铜器的科学分析 /</subfield>
         <subfield code="r">凌 勇, 梅建军, 吕恩国 --</subfield>
         <subfield code="t">梁带村两周墓地出土青铜器初步检测分析 /</subfield>
         <subfield code="r">陈坤龙, 梅建军, 孙秉君 --</subfield>
         <subfield code="t">北京市延庆县山戎墓地出土铜器的鉴定 /</subfield>
         <subfield code="r">韩汝玢, 许征尼 --</subfield>
         <subfield code="t">淮阴高庄战国墓出土铜器的工艺研究 /</subfield>
         <subfield code="r">孙淑云, 王金潮, 田建花, 刘建华 --</subfield>
         <subfield code="t">湖北襄阳陈坡M10出土金属器的初步科学分析 /</subfield>
         <subfield code="r">孟祥伟, 梅建军, 董亚巍, 冯少龙 韩楚文 --</subfield>
         <subfield code="t">陕西西安出土的两件薄壁铜容器的科学分析 /</subfield>
         <subfield code="r">陈坤龙, 梅建军, 岳连建</subfield>
      </datafield>
      <datafield tag="505" ind1="0" ind2="0">
         <subfield code="6">880-07</subfield>
         <subfield code="g">Gu dai gang tie ji shu yan jiu.</subfield>
         <subfield code="t">Yapian Zhanzhen shi qi zhong de Zhong Ying tie pao cai zhi de bi jiao yan jiu /</subfield>
         <subfield code="r">Liu Hongliang, Sun Shuyun --</subfield>
         <subfield code="t">Cangzhou tie shi zi zhi zuo ji shu he cai zhi de fu shu zhuang kuang yan jiu /</subfield>
         <subfield code="r">Song Wei, Li Xiuhui, Han Rufen --</subfield>
         <subfield code="t">Beijing Shi Yanqing Xian chu tu bing qi de chu bu yan jiu /</subfield>
         <subfield code="r">Cheng Yu, Li Xiuhui, Fan Xuexin --</subfield>
         <subfield code="t">Beijing Yanqing Xian Dazhuanke Xiang chu tu yuan dai tie nu yan jiu /</subfield>
         <subfield code="r">Chen Yu, Li Xiuhui, Fan Xuexin --</subfield>
         <subfield code="t">Yuan Shangdu ji qi zhou wei chu tu jin shu qi wu de fen xi yu yan jiu /</subfield>
         <subfield code="r">Li Xiuhui, Wei Jian</subfield>
         <subfield code="g">Gu dia kuang ye yi zhi kao cha yu fen xi --</subfield>
         <subfield code="t">Hebei Chende shou wang fen gu tong kuang ye yi zhi kao cha /</subfield>
         <subfield code="r">Li Yanxiang, Yang Wei, Wang Feng --</subfield>
         <subfield code="t">Guangxi Beiliu tong shi ling Rongg xian Xi shan ye tong yi zhi chu bu kao cha /</subfield>
         <subfield code="r">Li Yanxiang, Huang Quansheng, Wa Fubing --</subfield>
         <subfield code="t">Guangxi Guigang Diqu zao qi ye tie yi zhi chu bu kao cha /</subfield>
         <subfield code="r">Huang Quansheng, Li Yanxiang --</subfield>
         <subfield code="t">Guangxi Xingye gu lu ye ye ling yi zhi chu tu kao cha /</subfield>
         <subfield code="r">Huang Quansheng, Li Yanxiang, Wan Fubing --</subfield>
         <subfield code="t">Guangxi Beiliu Shiling yi zhi ye lian ji shu fen xi /</subfield>
         <subfield code="r">Li Yongchun, Huang Quansheng, Li Yanxiang --</subfield>
         <subfield code="t">Yuanqu Shang cheng chu tu lu zha lu bi nei jin shi ke li ji juang wu zu cheng de chu bu yan jiu /</subfield>
         <subfield code="r">Liang Honggang, Sun Shuyun, Li Yanxiang, Dong Weihua</subfield>
      </datafield>
      <datafield tag="505" ind1="0" ind2="0">
         <subfield code="6">880-08</subfield>
         <subfield code="g">Jin shu gong yi ji shu yan jiu --</subfield>
         <subfield code="t">Ba shu bing qi biao mian gong yi de shi yan yan jiu /</subfield>
         <subfield code="r">Yao Zhihui, Sun Shuyun --</subfield>
         <subfield code="t">Zhongguo qing tong qi biao mian du xi ji shu yan jiu /</subfield>
         <subfield code="r">Sun Shuyunk Li Xiaoqin, Yao Zhihui, Han Rufen --</subfield>
         <subfield code="t">Zhang jia chuan Majiayuan Zhangguo mu di chu tu jin shu shi jian chu bu fen xi /</subfield>
         <subfield code="r">Shao Anding, Mei Jianjun, Chen Kunlong, Zhou Guangji, Wang Hui --</subfield>
         <subfield code="t">Zhongguo gu dai qian xi han liao de fen xi /</subfield>
         <subfield code="r">Sun Shuyun, Mei Jianjun --</subfield>
         <subfield code="g">Wen xian kao zheng jie qi ta.</subfield>
         <subfield code="t">"Bing tie ye xin kao" /</subfield>
         <subfield code="r">Qian Wei --</subfield>
         <subfield code="t">"Tong gu tu lu" qian tan /</subfield>
         <subfield code="r">Wang Wenzhi, Mei Jianjun --</subfield>
         <subfield code="t">Tong liao ming cheng “*”lu ye kao /</subfield>
         <subfield code="r">Li Jianxi, Li Yanxiang --</subfield>
         <subfield code="t">Ping Kaisi Ping zhu "Bai tong: Zhongguo he jin zai Ou Zhou (1680~1820)" /</subfield>
         <subfield code="r">Mei Jianjun.</subfield>
      </datafield>
      <datafield tag="650" ind1=" " ind2="0">
         <subfield code="a">Metallurgy</subfield>
         <subfield code="z">China</subfield>
         <subfield code="x">History</subfield>
         <subfield code="v">Congresses.</subfield>
      </datafield>
      <datafield tag="710" ind1="2" ind2=" ">
         <subfield code="6">880-09</subfield>
         <subfield code="a">Zhongguo ke ji da xue ye jin yu cai liao shi yan jiu suo.</subfield>
      </datafield>
      <datafield tag="710" ind1="2" ind2=" ">
         <subfield code="6">880-10</subfield>
         <subfield code="a">Beijing ke ji da xue ke xue ji shu yu wen ming yan jiu zhong xin.</subfield>
      </datafield>
      <datafield tag="880" ind1="0" ind2="0">
         <subfield code="6">245-01/</subfield>
         <subfield code="a">中国冶金史论文集.</subfield>
         <subfield code="n">第五辑 /</subfield>
         <subfield code="c">北京科技大学冶金与材料史研究所，北京科技大学科学技术与文明研究中心编.</subfield>
      </datafield>
      <datafield tag="880" ind1=" " ind2=" ">
         <subfield code="6">250-02/</subfield>
         <subfield code="a">第1版.</subfield>
      </datafield>
      <datafield tag="880" ind1=" " ind2=" ">
         <subfield code="6">260-03/</subfield>
         <subfield code="a">北京 :</subfield>
         <subfield code="b">科学出版社,</subfield>
         <subfield code="c">2012.</subfield>
      </datafield>
      <datafield tag="880" ind1=" " ind2=" ">
         <subfield code="6">520-04/</subfield>
         <subfield code="a">本书收录了北京科技大学冶金与材料史研究所和科学技术与文明研究中心师生与全国各地的合作者在2006-2011年发表的有关冶金史的研究论文及鉴定报告，共计41篇，大致分综合性研究、古代铜器的科学研究、古代钢铁技术研究、古代矿冶遗址考察与分析、金属工艺技术研究、文献考证及其他六个部分。</subfield>
      </datafield>
      <datafield tag="880" ind1="0" ind2="0">
         <subfield code="6">505-05/</subfield>
         <subfield code="g">综合性研究</subfield>
         <subfield code="t">“北方系青铜器冶:一个术语的“诞生冶和” /</subfield>
         <subfield code="r">成长冶, 梅建军 --</subfield>
         <subfield code="t">关于我国北方商周墓葬所出“弓形饰冶的若干问题 /</subfield>
         <subfield code="r">梅建军, 李明华 --</subfield>
         <subfield code="t">关于新疆出土早期铜镜研究的几个问题 /</subfield>
         <subfield code="r">梅建军 --</subfield>
         <subfield code="t">关于新疆公元前第一千纪金属技术的几点思考 /</subfield>
         <subfield code="r">凌勇, 梅建军 --</subfield>
         <subfield code="t">中国古代金属饰品的金相分析与文化阐释 章梅芳 /</subfield>
         <subfield code="r">孙淑云, 韩汝玢 --</subfield>
         <subfield code="t">云南古滇地区的金属制作技术与北方草原青铜文化 /</subfield>
         <subfield code="r">韩汝玢, 李晓岑 --</subfield>
         <subfield code="t">中国古代黄铜制品与冶炼技术的研究状况分析 /</subfield>
         <subfield code="r">马 越, 李秀辉</subfield>
      </datafield>
      <datafield tag="880" ind1="0" ind2="0">
         <subfield code="6">505-07/</subfield>
         <subfield code="g">古代钢铁技术研究. --</subfield>
         <subfield code="t">鸦片战争时期中英铁炮材质优劣的比较研究 /</subfield>
         <subfield code="r">刘鸿亮, 孙淑云 --</subfield>
         <subfield code="t">沧州铁狮子制作技术和材质与腐蚀状况研究 /</subfield>
         <subfield code="r">宋 薇, 李秀辉, 韩汝玢 --</subfield>
         <subfield code="t">北京市延庆县出土兵器的初步研究 /</subfield>
         <subfield code="r">程瑜, 李秀辉, 范学新 --</subfield>
         <subfield code="t">北京延庆县大庄科乡出土元代铁镞研究 /</subfield>
         <subfield code="r">程瑜, 李秀辉, 范学新 --</subfield>
         <subfield code="t">元上都及其周围地区出土金属器物的分析与研究 /</subfield>
         <subfield code="r">李秀辉, 魏坚</subfield>
         <subfield code="g">古代矿冶遗址考察与分析. --</subfield>
         <subfield code="t">河北承德寿王坟古铜矿冶遗址考察 /</subfield>
         <subfield code="r">李延祥, 杨巍 王峰 --</subfield>
         <subfield code="t">广西北流铜石岭容县西山冶铜遗址初步考察 /</subfield>
         <subfield code="r">李延祥, 黄全胜, 万辅彬 --</subfield>
         <subfield code="t">广西贵港地区早期冶铁遗址初步考察 /</subfield>
         <subfield code="r">黄全胜, 李延祥 --</subfield>
         <subfield code="t">广西兴业古绿鸦冶炼遗址初步考察 /</subfield>
         <subfield code="r">黄全胜, 李延祥, 万辅彬 --</subfield>
         <subfield code="t">广西北流铜石岭遗址冶炼技术分析 /</subfield>
         <subfield code="r">李永春, 黄全胜, 李延祥 --</subfield>
         <subfield code="t">垣曲商城出土炉渣炉壁内金属颗粒及矿物组成的初步研究 /</subfield>
         <subfield code="r">梁宏刚, 孙淑云, 李延祥 佟伟华</subfield>
      </datafield>
      <datafield tag="880" ind1="0" ind2="0">
         <subfield code="6">505-08/</subfield>
         <subfield code="g">金属工艺技术研究. --</subfield>
         <subfield code="t">巴蜀兵器表面工艺的试验研究 /</subfield>
         <subfield code="r">姚智辉, 孙淑云 --</subfield>
         <subfield code="t">中国青铜器表面镀锡技术研究 /</subfield>
         <subfield code="r">孙淑云 李晓岑 姚智辉, 韩汝玢 --</subfield>
         <subfield code="t">张家川马家塬战国墓地出土金属饰件的初步分析 /</subfield>
         <subfield code="r">邵安定, 梅建军, 陈坤龙, 周广济 王辉 --</subfield>
         <subfield code="t">中国古代铅锡焊料的分析 /</subfield>
         <subfield code="r">孙淑云, 梅建军</subfield>
         <subfield code="g">文献考证及其他. --</subfield>
         <subfield code="t">"镔铁冶新考" /</subfield>
         <subfield code="r">潜伟 --</subfield>
         <subfield code="t">《鼓铜图录》浅探 /</subfield>
         <subfield code="r">王文芝, 梅建军 --</subfield>
         <subfield code="t">铜料名称“*”铝冶考 /</subfield>
         <subfield code="r">李建西, 李延祥 --</subfield>
         <subfield code="t">评凯思·平著《白铜:中国合金在欧洲(1680~1820)》 /</subfield>
         <subfield code="r">梅建军.</subfield>
      </datafield>
      <datafield tag="880" ind1="2" ind2=" ">
         <subfield code="6">710-09/</subfield>
         <subfield code="a">北京科技大学冶金与材料史研究所。</subfield>
      </datafield>
      <datafield tag="880" ind1="2" ind2=" ">
         <subfield code="6">710-10/</subfield>
         <subfield code="a">北京科技大学科学技术与文明研究中心</subfield>
      </datafield>
      <datafield tag="994" ind1=" " ind2=" ">
         <subfield code="a">Z0</subfield>
         <subfield code="b">ZYU</subfield>
      </datafield>
      <datafield tag="OWN" ind1=" " ind2=" ">
         <subfield code="a">GENERAL</subfield>
      </datafield>
      <datafield tag="AVA" ind1=" " ind2=" ">
         <subfield code="a">NYU50</subfield>
         <subfield code="b">NISAW</subfield>
         <subfield code="c">Small Collection</subfield>
         <subfield code="d">TN645.C5 Z46 2012</subfield>
         <subfield code="e">available</subfield>
         <subfield code="t">Available</subfield>
         <subfield code="f">1</subfield>
         <subfield code="g">0</subfield>
         <subfield code="h">N</subfield>
         <subfield code="i">0</subfield>
         <subfield code="j">SMALL</subfield>
         <subfield code="k">0</subfield>
      </datafield>
      <marc:datafield tag="852" ind1=" " ind2=" ">
         <marc:subfield code="b">Institute for the Study of the Ancient World, </marc:subfield>
         <marc:subfield code="c">Small Collection</marc:subfield>
         <marc:subfield code="e">15 East 84th St., </marc:subfield>
         <marc:subfield code="e">New York, NY  10028</marc:subfield>
      </marc:datafield>
   </record>