
  
  
  
  
  
 
  
  <record xsi:schemaLocation="http://www.loc.gov/MARC21/slim http://www.loc.gov/standards/marcxml/schema/MARC21slim.xsd">
      <leader>00000nam a22      i 4500</leader>
      <controlfield tag="FMT">BK</controlfield>
      <controlfield tag="LDR">00000nam a22      i 4500</controlfield>
      <controlfield tag="001">004070861</controlfield>
      <controlfield tag="005">20141121120100.0</controlfield>
      <controlfield tag="008">141120s2002    cc ab    b    100 0 chi d</controlfield>
      <datafield tag="022" ind1=" " ind2=" ">
         <subfield code="a">1001-053x</subfield>
      </datafield>
      <datafield tag="040" ind1=" " ind2=" ">
         <subfield code="a">NNU</subfield>
         <subfield code="b">eng</subfield>
         <subfield code="c">NNU</subfield>
         <subfield code="e">rda</subfield>
      </datafield>
      <datafield tag="043" ind1=" " ind2=" ">
         <subfield code="a">a-cc---</subfield>
      </datafield>
      <datafield tag="050" ind1=" " ind2="4">
         <subfield code="a">TN645.C5</subfield>
         <subfield code="b">Z46 2002</subfield>
      </datafield>
      <datafield tag="066" ind1=" " ind2=" ">
         <subfield code="c">$1</subfield>
      </datafield>
      <datafield tag="245" ind1="0" ind2="0">
         <subfield code="6">880-01</subfield>
         <subfield code="a">Zhongguo ye jin shi lun wen ji.</subfield>
         <subfield code="n">San・A /</subfield>
         <subfield code="c">Beijin ke ji da xue.</subfield>
      </datafield>
      <datafield tag="250" ind1=" " ind2=" ">
         <subfield code="6">880-02</subfield>
         <subfield code="a">Di 1 ban.</subfield>
      </datafield>
      <datafield tag="264" ind1=" " ind2="1">
         <subfield code="6">880-03</subfield>
         <subfield code="a">Beijing :</subfield>
         <subfield code="b">Beijing ke ji da xue,</subfield>
         <subfield code="c">2002.</subfield>
      </datafield>
      <datafield tag="300" ind1=" " ind2=" ">
         <subfield code="a">260 pages :</subfield>
         <subfield code="b">illustrations ;</subfield>
         <subfield code="c">26 cm</subfield>
      </datafield>
      <datafield tag="336" ind1=" " ind2=" ">
         <subfield code="a">text</subfield>
         <subfield code="b">txt</subfield>
         <subfield code="2">rdacontent</subfield>
      </datafield>
      <datafield tag="337" ind1=" " ind2=" ">
         <subfield code="a">unmediated</subfield>
         <subfield code="b">n</subfield>
         <subfield code="2">rdamedia</subfield>
      </datafield>
      <datafield tag="338" ind1=" " ind2=" ">
         <subfield code="a">volume</subfield>
         <subfield code="b">nc</subfield>
         <subfield code="2">rdacarrier</subfield>
      </datafield>
      <datafield tag="505" ind1="0" ind2="0">
         <subfield code="6">880-04</subfield>
         <subfield code="g">Zong shu pian.</subfield>
         <subfield code="t">Xian dai ke ji he je ji shi yan jiu, Zen Qiaoben xian sheng Qing ming shang he tu sui bi, Cai liao fa zhan shi /</subfield>
         <subfield code="r">Ke Jun --</subfield>
         <subfield code="t">Jin nian lai ye jin yu cai liao shi yan jiu de xin jin zhan /</subfield>
         <subfield code="r">Sun Shuyun</subfield>
         <subfield code="g">Zhuan ti yan jiu you se ye jin shi.</subfield>
         <subfield code="t">Hun yi, Jian yi he jin cheng fen ji cai zhi de yan jiu /</subfield>
         <subfield code="r">Li Xiuhui, Wu Kunyi --</subfield>
         <subfield code="t">Lu zha fen xi jie shi gu dai lian tong ji shu /</subfield>
         <subfield code="r">Li Yanxiang, Hong Yanruo --</subfield>
         <subfield code="t">Jiuhua Shan Tang dai lian tong lu zha yan jiu /</subfield>
         <subfield code="r">Li Yanxiang, Han Rufen, Ke Jun --</subfield>
         <subfield code="t">Yunnan Gejiu Chongzipi po ye liang yi zhi diao cha ji lu zha fen xi /</subfield>
         <subfield code="r">Wang Dadao, Sun Shuyun, Li Yanxiang --</subfield>
         <subfield code="t">Shenzhen Dameisha yi zhi chu tu de tong qi de ji shu yan jiu /</subfield>
         <subfield code="r">Sun Shuyun --</subfield>
         <subfield code="t">Gansu zao qi tong qi de fa xian yu ye lian, zhi zao ji shu de yan jiu /</subfield>
         <subfield code="r">Sun Shuyun, Han Rufen --</subfield>
         <subfield code="t">Xinjiang Nulasai tong kuang ye yi zhi ye lian chu bu ji shu yan jiu /</subfield>
         <subfield code="r">Mei Jianjun, Li Yanxiang --</subfield>
         <subfield code="t">Niuheliang ye tong lu bi can pian yan jiu /</subfield>
         <subfield code="r">Li Yanxiang, Han Rufen, Bao Wenbo, Chen Tiemei --</subfield>
         <subfield code="t">Gu dai shen tong yan jiu zong shu /</subfield>
         <subfield code="r">Qian Wei, Sun Shuyun, Han Rufen --</subfield>
         <subfield code="t">Xinjiang Hami Tian Shan bei lu mu di chu tu tong qi de chu bu yan jiu /</subfield>
         <subfield code="r">Beijing ke ji da xue ye jin yu cai liao shi yan jiu suo</subfield>
      </datafield>
      <datafield tag="505" ind1="0" ind2="0">
         <subfield code="6">880-05</subfield>
         <subfield code="g">Gang tie ye jin shi.</subfield>
         <subfield code="t">Zhongguo zao qi tie qi (Gong yuan qin 5 shi ji) de jin xiang xue /</subfield>
         <subfield code="r">Han Rufen --</subfield>
         <subfield code="t">Guoguo mu di chu tu tie ren tong qi de jian ding yu yan jiu /</subfield>
         <subfield code="r">Han Rufen, Jiang Tao, Wang Baolin --</subfield>
         <subfield code="t">Xuzhou Shizishan Shan Xi Han Chu wang ling chu tu tie qi de jin xiang shi yan yan jiu /</subfield>
         <subfield code="r">Beijing ke ji ta xue ye jin yu cai liao shi yan jiu suo --</subfield>
         <subfield code="t">Han zhu hou wang ling mu chu tu tie qi de bi jiao /</subfield>
         <subfield code="r">Chen Jianli, Han Rufen --</subfield>
         <subfield code="t">Guangxi He Xian Tieshiling yi zhi Song dai xi qian ji xie tie qian ye lian ji shu chu tu yan jiu /</subfield>
         <subfield code="r">Li Yanxiang, Zhou Weirong --</subfield>
         <subfield code="t">Shanxi Zhanguo zhong wan qi tie qi ji ye lian yi zhi zai kao cha /</subfield>
         <subfield code="r">Duan Hongmei, Han Rufen, Fan Wenqian --</subfield>
         <subfield code="t">Tianma Yiqu Cun yi zhi chu tu tie qi de jian ding /</subfield>
         <subfield code="r">Han Rufen --</subfield>
         <subfield code="g">Jin shu gong yi shi.</subfield>
         <subfield code="t">Huang tong qi biao mian zhuo se fang fa de yan jiu /</subfield>
         <subfield code="r">Mang Zidan, Sun Shuyun, Zhao Jingmin --</subfield>
         <subfield code="t">Zai liu dai suan na yi cu suan qian shuan zu fen ti xi zhong huang tong qi biao mian zhuo se de dong li xue yan jiu /</subfield>
         <subfield code="r">Mang Zidan, Sun Shuyun, Zhao Jingming --</subfield>
         <subfield code="t">Ban wen yue de wu sun fen xi yu chu tu yan jiu /</subfield>
         <subfield code="r">Ke Jun, Han Rufen, Jia Shuwen --</subfield>
         <subfield code="t">Gu dai tong shen tong he qing tong de shi yong yu ji xie xing neng de zong shu /</subfield>
         <subfield code="r">Sun Shuyun, Qian Wei --</subfield>
         <subfield code="t">Fan zhong de yan jiu yu fang zhi /</subfield>
         <subfield code="r">Wu Kunyi --</subfield>
      </datafield>
      <datafield tag="505" ind1="0" ind2="0">
         <subfield code="6">880-06</subfield>
         <subfield code="g">Ye jin shi yan jiu fang fa.</subfield>
         <subfield code="t">Dian zi xian wei jing ji shu zai ye jin kao gu zhong de ying yong /</subfield>
         <subfield code="r">Han Rufen --</subfield>
         <subfield code="t">Shu xue fen xi fa zai kao gu xue zhong de ying yong /</subfield>
         <subfield code="r">Chen Jianli --</subfield>
         <subfield code="t">X guang zhao xiang ji shu zai wen wu ji kao gu xue yan jiu zhong de ying yong /</subfield>
         <subfield code="r">Yang Junchang, Han Rufen --</subfield>
         <subfield code="g">Kao gu zhuan zhu jian ding bao gao.</subfield>
         <subfield code="t">Shangsunjia Han mu chu tu jin shu qiwu de jian ding /</subfield>
         <subfield code="r">Li Xiuhui, Han Rufen --</subfield>
         <subfield code="t">Taiyuan Jin guo Zhao Qing mu qing tong qi de fen xi jian ding, Taiyuan Zhao Qing ting tong qi de fen xi yjian ding, Taiyuan Zhao Qing mu qing tong qi se zhi zuo ji shi /</subfield>
         <subfield code="r">Wu Kunyi --</subfield>
         <subfield code="t">Yongcheng Liang xiao wang qin yuan ji bao an shan er hao mu chu tu jin shu qi wu de jian ding /</subfield>
         <subfield code="r">Li Xiuhui, Han Rufen --</subfield>
         <subfield code="t">Donghuishan yi zhi Siba wen hua tong qi de jian ding ji yan jiu --</subfield>
         <subfield code="t">Henan Zhumadian Yang Zhuang chu tu Erlitou wen hua er qi tong zuo xing qi de jian ce /</subfield>
         <subfield code="r">Sun Shuyun --</subfield>
         <subfield code="t">Guoguo mu chu tu qing tong qi cai zhi fen xi /</subfield>
         <subfield code="r">Li Xiuhui, Han Rufen, Sun Jianguo, Wang Bin --</subfield>
         <subfield code="t">Guoguo mu chu tu qing tong qi zhu zao gong yi fen xi yu yan jiu /</subfield>
         <subfield code="r">Wu Kunyi, Miao Changxing, Guo Yihong, Wang Bin --</subfield>
         <subfield code="t">Tong lu shan XI hao kuang ti gu dai li gong lu zha yan jiu /</subfield>
         <subfield code="r">Li Yanxiang, Han Rufen, Ke Jun --</subfield>
         <subfield code="t">Zhukaigou yi zhi chu tu tong qi de jin xiang xue yan jiu /</subfield>
         <subfield code="r">Li Xiuhui, Han Rufen.</subfield>
      </datafield>
      <datafield tag="520" ind1=" " ind2=" ">
         <subfield code="6">880-07</subfield>
         <subfield code="a">Ben shu xi kao gu wen wu yu xian dai ke ji--xian dai ke ji kao gu yan tao hui lun wen 2001 hui bian er cheng.</subfield>
      </datafield>
      <datafield tag="504" ind1=" " ind2=" ">
         <subfield code="a">Includes bibliographical references.</subfield>
      </datafield>
      <datafield tag="500" ind1=" " ind2=" ">
         <subfield code="6">880-08</subfield>
         <subfield code="a">Ben shu wei "Beijing ke ji da xue xue bao" 2004 nian 24 juan zeng kan.</subfield>
      </datafield>
      <datafield tag="650" ind1=" " ind2="0">
         <subfield code="a">Metallurgy</subfield>
         <subfield code="z">China</subfield>
         <subfield code="x">History</subfield>
         <subfield code="v">Congresses.</subfield>
      </datafield>
      <datafield tag="710" ind1="2" ind2=" ">
         <subfield code="6">880-09</subfield>
         <subfield code="a">Zhongguo ke ji da xue ye jin yu cai liao shi yan jiu suo.</subfield>
      </datafield>
      <datafield tag="710" ind1="2" ind2=" ">
         <subfield code="6">880-10</subfield>
         <subfield code="a">Beijing ke ji da xue ke xue ji shu yu wen ming yan jiu zhong xin.</subfield>
      </datafield>
      <datafield tag="880" ind1="0" ind2="0">
         <subfield code="6">245-01/</subfield>
         <subfield code="a">中国冶金史论文集.</subfield>
         <subfield code="n">三・A /</subfield>
         <subfield code="c">北京科技大学.</subfield>
      </datafield>
      <datafield tag="880" ind1=" " ind2=" ">
         <subfield code="6">250-02/</subfield>
         <subfield code="a">第1版.</subfield>
      </datafield>
      <datafield tag="880" ind1=" " ind2="1">
         <subfield code="6">264-03/</subfield>
         <subfield code="a">北京 :</subfield>
         <subfield code="b">北京科技大学,</subfield>
         <subfield code="c">2002.</subfield>
      </datafield>
      <datafield tag="880" ind1="0" ind2="0">
         <subfield code="6">505-04/</subfield>
         <subfield code="g">综述篇.</subfield>
         <subfield code="t">现代科技和科技史研究, 赠桥本先生清明上河图随笔, 材料发展史 /</subfield>
         <subfield code="r">柯俊 -- 近年来冶金与材料史研究的新进展 /</subfield>
         <subfield code="r">孙淑云</subfield>
         <subfield code="g">专题研究有色冶金史.</subfield>
         <subfield code="t">浑仪，间仪合金成分及材质的研究 /</subfield>
         <subfield code="r">李秀辉, 吴坤仪 --</subfield>
         <subfield code="t">炉渣分析揭示古代炼铜技术 /</subfield>
         <subfield code="r">李延祥,洪彦若 --</subfield>
         <subfield code="t">九华山唐代炼铜炉渣研究 /</subfield>
         <subfield code="r">李延祥, 韩汝玢, 柯俊 --</subfield>
         <subfield code="t">云南个旧冲子皮坡冶炼遗址调查及炉渣分析 /</subfield>
         <subfield code="r">王大道, 孙淑云, 李延祥 --</subfield>
         <subfield code="t">深圳大梅沙遗址出土铜器的技术研究 /</subfield>
         <subfield code="r">孙淑云 --</subfield>
         <subfield code="t">甘肃早期铜器的发现与冶炼，制造技术的研究 /</subfield>
         <subfield code="r">孙淑云, 韩汝玢 --</subfield>
         <subfield code="t">新疆奴拉赛铜矿冶遗址冶炼初步技术研究 /</subfield>
         <subfield code="r">梅建军, 李延祥 --</subfield>
         <subfield code="t">牛河梁冶铜炉壁残片研究 /</subfield>
         <subfield code="r">李延祥, 韩汝玢, 宝文博, 陈铁梅 --</subfield>
         <subfield code="t">古代砷铜研究综述 /</subfield>
         <subfield code="r">潜伟, 孙淑云, 韩汝玢 --</subfield>
         <subfield code="t">新疆哈密天山北路墓地出土铜器的初步研究 /</subfield>
         <subfield code="r">北京科技大学冶金与材料史研究所</subfield>
      </datafield>
      <datafield tag="880" ind1="0" ind2="0">
         <subfield code="6">505-05/</subfield>
         <subfield code="g">钢铁冶金史.</subfield>
         <subfield code="t">中国早期铁器（公元前5世纪）的金相学 /</subfield>
         <subfield code="r">韩汝玢 --</subfield>
         <subfield code="t">歸国墓出土铁刃铜器的鉴定与研究 /</subfield>
         <subfield code="r">韩汝玢, 姜涛, 王宝林 --</subfield>
         <subfield code="t">徐州狮子山西汉楚王陵出土铁器的金相实验研究 /</subfield>
         <subfield code="r">北京科技大学冶金与材料史研究所 --</subfield>
         <subfield code="t">汉诸侯王陵墓出土铁器的比较 /</subfield>
         <subfield code="r">陈建立, 韩汝玢 --</subfield>
         <subfield code="t">广西贺县铁屎岭遗址宋代锡铅及含锡铁钱冶炼技术初步研究 /</subfield>
         <subfield code="r">李延祥, 周为荣 --</subfield>
         <subfield code="t">山西战国中晚期铁器及冶铁遗址在考察 /</subfield>
         <subfield code="r">段红梅, 韩汝玢, 范文谦 --</subfield>
         <subfield code="t">天马一曲村遗址出土铁器的鉴定 /</subfield>
         <subfield code="r">韩汝玢</subfield>
         <subfield code="g">金属工艺史.</subfield>
         <subfield code="t">黄铜器表面着色方法的研究 /</subfield>
         <subfield code="r">忙子丹, 孙淑云, 赵静敏 --</subfield>
         <subfield code="t">在硫代硫酸钠一醋酸铅双组分体系中黄铜器表面着色的动力学研究 /</subfield>
         <subfield code="r">忙于丹, 孙淑云, 赵静敏 --</subfield>
         <subfield code="t">斑纹钺的无损分析与初步研究 /</subfield>
         <subfield code="r">柯俊, 韩汝玢, 贾淑文 --</subfield>
         <subfield code="t">古代铜砷铜和青铜的使用与机械性能的综述 /</subfield>
         <subfield code="r">孙淑云, 潜伟 --</subfield>
         <subfield code="t">梵钟的研究与仿制 /</subfield>
         <subfield code="r">吴坤仪.</subfield>
      </datafield>
      <datafield tag="880" ind1="0" ind2="0">
         <subfield code="6">505-06/</subfield>
         <subfield code="g">冶金史研究方法.</subfield>
         <subfield code="t">电子显微镜技术在冶金考古中的应用 /</subfield>
         <subfield code="r">韩汝玢 --</subfield>
         <subfield code="t">数学分析方法在考古学中的应用 /</subfield>
         <subfield code="r">陈建立 --</subfield>
         <subfield code="t">X光照相技术在文物及考古学研究中的应用 /</subfield>
         <subfield code="r">杨军昌, 韩汝玢</subfield>
         <subfield code="g">考古专著鉴定报告.</subfield>
         <subfield code="t">上孙家寨汉墓出土金属器物的鉴定 /</subfield>
         <subfield code="r">李秀辉, 韩汝玢 --</subfield>
         <subfield code="t">太原晋国赵卿墓青铜器的分析鉴定, 太原赵卿墓青铜器制作技术 /</subfield>
         <subfield code="r">吴坤仪 --</subfield>
         <subfield code="t">永城梁孝王寝园及保安山二号墓出土金属器物的鉴定 /</subfield>
         <subfield code="r">李秀辉, 韩汝玢 --</subfield>
         <subfield code="t">东灰山遗址四坝文化铜器的鉴定及研究, --</subfield>
         <subfield code="t">河南驻马店杨庄出土二里头文化二期铜凿形器的检测 /</subfield>
         <subfield code="r">孙淑云 --</subfield>
         <subfield code="t">虢國墓出土青铜器材质分析 /</subfield>
         <subfield code="r">李秀辉, 韩汝玢, 孙建国, 王斌 --</subfield>
         <subfield code="t">虢国墓出土青铜器铸造工艺分析与研究 /</subfield>
         <subfield code="r">吴坤仪, 苗长兴, 郭移洪, 王斌 --</subfield>
         <subfield code="t">铜绿山XI号矿体古代炼铜炉渣研究 /</subfield>
         <subfield code="r">李延祥, 韩汝玢, 柯俊 --</subfield>
         <subfield code="t">朱开沟遗址出土铜器的金相学研究 /</subfield>
         <subfield code="r">李秀辉, 韩汝玢.</subfield>
      </datafield>
      <datafield tag="880" ind1=" " ind2=" ">
         <subfield code="6">520-07/</subfield>
         <subfield code="a">本书系考古文物与现代科技--现代科技考古研讨会论文2001汇编而成.</subfield>
      </datafield>
      <datafield tag="880" ind1=" " ind2=" ">
         <subfield code="6">500-08/</subfield>
         <subfield code="a">本书为《北京科技大学学报》2004年24卷增刊.</subfield>
      </datafield>
      <datafield tag="880" ind1="2" ind2=" ">
         <subfield code="6">710-09/</subfield>
         <subfield code="a">北京科技大学冶金与材料史研究所。</subfield>
      </datafield>
      <datafield tag="880" ind1="2" ind2=" ">
         <subfield code="6">710-10/</subfield>
         <subfield code="a">北京科技大学科学技术与文明研究中心</subfield>
      </datafield>
      <datafield tag="OWN" ind1=" " ind2=" ">
         <subfield code="a">GENERAL</subfield>
      </datafield>
      <datafield tag="AVA" ind1=" " ind2=" ">
         <subfield code="a">NYU50</subfield>
         <subfield code="b">NISAW</subfield>
         <subfield code="c">Small Collection</subfield>
         <subfield code="d">TN645.C5 Z46 2002</subfield>
         <subfield code="e">available</subfield>
         <subfield code="t">Available</subfield>
         <subfield code="f">1</subfield>
         <subfield code="g">0</subfield>
         <subfield code="h">N</subfield>
         <subfield code="i">0</subfield>
         <subfield code="j">SMALL</subfield>
         <subfield code="k">0</subfield>
      </datafield>
      <marc:datafield tag="852" ind1=" " ind2=" ">
         <marc:subfield code="b">Institute for the Study of the Ancient World, </marc:subfield>
         <marc:subfield code="c">Small Collection</marc:subfield>
         <marc:subfield code="e">15 East 84th St., </marc:subfield>
         <marc:subfield code="e">New York, NY  10028</marc:subfield>
      </marc:datafield>
   </record>