
  
  
  
  
 
  
  <record xsi:schemaLocation="http://www.loc.gov/MARC21/slim http://www.loc.gov/standards/marcxml/schema/MARC21slim.xsd">
      <leader>00000cam  2200805 a 4500</leader>
      <controlfield tag="FMT">BK</controlfield>
      <controlfield tag="LDR">00000cam  2200805 a 4500</controlfield>
      <controlfield tag="001">004070766</controlfield>
      <controlfield tag="003">OCoLC</controlfield>
      <controlfield tag="005">20141120102351.0</controlfield>
      <controlfield tag="008">141120s2006    cc            100 0 chi d</controlfield>
      <datafield tag="010" ind1=" " ind2=" ">
         <subfield code="a">2008403854</subfield>
      </datafield>
      <datafield tag="020" ind1=" " ind2=" ">
         <subfield code="a">703018307X</subfield>
      </datafield>
      <datafield tag="020" ind1=" " ind2=" ">
         <subfield code="a">9787030183071</subfield>
      </datafield>
      <datafield tag="035" ind1=" " ind2=" ">
         <subfield code="a">(OCoLC)127588956</subfield>
      </datafield>
      <datafield tag="040" ind1=" " ind2=" ">
         <subfield code="a">LWU</subfield>
         <subfield code="b">eng</subfield>
         <subfield code="c">LWU</subfield>
         <subfield code="d">DLC</subfield>
         <subfield code="d">CUI</subfield>
         <subfield code="d">AU@</subfield>
         <subfield code="d">DEBBG</subfield>
         <subfield code="d">OCLCF</subfield>
         <subfield code="d">NNU</subfield>
      </datafield>
      <datafield tag="042" ind1=" " ind2=" ">
         <subfield code="a">lccopycat</subfield>
      </datafield>
      <datafield tag="043" ind1=" " ind2=" ">
         <subfield code="a">a-cc-ch</subfield>
      </datafield>
      <datafield tag="050" ind1="0" ind2="0">
         <subfield code="a">HE894</subfield>
         <subfield code="b">.N56 2006</subfield>
      </datafield>
      <datafield tag="066" ind1=" " ind2=" ">
         <subfield code="c">$1</subfield>
      </datafield>
      <datafield tag="082" ind1="0" ind2="4">
         <subfield code="a">387.10951</subfield>
         <subfield code="2">22</subfield>
      </datafield>
      <datafield tag="111" ind1="2" ind2=" ">
         <subfield code="a">Ningbo "hai shang si chou zhi lu" xue shu yan tao hui</subfield>
         <subfield code="d">(2005 :</subfield>
         <subfield code="c">Ningbo Shi, China)</subfield>
         <subfield code="6">880-01</subfield>
      </datafield>
      <datafield tag="245" ind1="1" ind2="0">
         <subfield code="6">880-02</subfield>
         <subfield code="a">Ningbo yu hai shang si chou zhi lu /</subfield>
         <subfield code="c">Ningbo "Hai shang si chou zhi lu" shen bao shi jie wen hua yi chan ban gong shi, Ningbo Shi wen wu bao hu guan li suo, Ningbo Shi wen wu kao gu yan jiu suo bian zhu.</subfield>
      </datafield>
      <datafield tag="250" ind1=" " ind2=" ">
         <subfield code="6">880-03</subfield>
         <subfield code="a">Di 1 ban.</subfield>
      </datafield>
      <datafield tag="260" ind1=" " ind2=" ">
         <subfield code="6">880-04</subfield>
         <subfield code="a">Beijing :</subfield>
         <subfield code="b">Ke xue chu ban she,</subfield>
         <subfield code="c">2006.</subfield>
      </datafield>
      <datafield tag="300" ind1=" " ind2=" ">
         <subfield code="a">iv, 382 p. ;</subfield>
         <subfield code="c">27 cm.</subfield>
      </datafield>
      <datafield tag="490" ind1="1" ind2=" ">
         <subfield code="6">880-05</subfield>
         <subfield code="a">Ningbo wen wu kao gu yan jiu cong shu. Ding zhong ;</subfield>
         <subfield code="v">di 1 hao</subfield>
      </datafield>
      <datafield tag="504" ind1=" " ind2=" ">
         <subfield code="a">Includes bibliographical references.</subfield>
      </datafield>
      <datafield tag="500" ind1=" " ind2=" ">
         <subfield code="6">880-06</subfield>
         <subfield code="a">Selected papers from an international symposium, Ningbo "Hai shang si chou zhi lu" xue shu yan tao hui, Dec. 10-11, 2005.</subfield>
      </datafield>
      <datafield tag="505" ind1="0" ind2="0">
         <subfield code="6">880-07</subfield>
         <subfield code="g">Zong he pian.</subfield>
         <subfield code="t">Ningbo "Hai shang si chou zhi lu” wen hua yi chu chu tan（zhai yao）/</subfield>
         <subfield code="r">Chen Yan --</subfield>
         <subfield code="t">Song Yuan shi qi de Mingzhou (Qingyuan) gang (Zhai yao) /</subfield>
         <subfield code="r">Chen Gaohua --</subfield>
         <subfield code="t">Qian nian Ningbo gang rong ru ban zhong hua: xi fang ren shi ye zhong de Ningbo Diqu /</subfield>
         <subfield code="r">Geng Shen --</subfield>
         <subfield code="t">Dui hai shang si chou zhi lu yan jiu de ji dian zhuo jian /</subfield>
         <subfield code="r">Sun Jinji --</subfield>
         <subfield code="t">Ningbo de zao chuan ye yu hai shang si chou zhi lu /</subfield>
         <subfield code="r">Xi Longfei --</subfield>
         <subfield code="t">Qian tan Ningbo “Hai shang si chou zhi lu” li shi fa zhan yu fen qi /</subfield>
         <subfield code="r">Lin Shimin --</subfield>
         <subfield code="t">Shi lun Ningbo “Hai shang si chou zhi lu" de li shi di wei ji zhu yao te zheng /</subfield>
         <subfield code="r">Bao Zhicheng --</subfield>
         <subfield code="t">Ningbo zai Dongbei Ya de di wei /</subfield>
         <subfield code="r">Song Hong --</subfield>
         <subfield code="t">Guangzhou, Ningbo deng Zhongguo yan hai wai mao gang kou bi jiao chu yi /</subfield>
         <subfield code="r">Wang Yuanlin --</subfield>
         <subfield code="t">Ningbo, Quanzhou de bi jiao yan jiu /</subfield>
         <subfield code="r">Lu Yun --</subfield>
         <subfield code="t">Yuan dai Ningbo zai Zhong Ri guan xi zhong de mao dun xing ge /</subfield>
         <subfield code="r">Mao Yangguan --</subfield>
         <subfield code="t">光Ningbo yu hai shang si chou zhi lu /</subfield>
         <subfield code="r">Bai Fang --</subfield>
         <subfield code="t">Dong Ya de hai yu jiao liu yu Riben chuan tong wen hua de xing cheng: yi Ningbo wei jiao dian jie shao (zhai yao) /</subfield>
         <subfield code="r">Gang Yaunsi --</subfield>
         <subfield code="t">“Hai shang si chou zhi lu” Ning bo wen hua yi cun jie ding zhi guan jian /</subfield>
         <subfield code="r">Li Yingkui</subfield>
      </datafield>
      <datafield tag="505" ind1="0" ind2="0">
         <subfield code="6">880-08</subfield>
         <subfield code="g">Gang kou mao yi pian.</subfield>
         <subfield code="t">Qian Tang shi shi dai wu dao lie dao ye Mingzhou de guan xi /</subfield>
         <subfield code="r">Mao Zhaoxi --</subfield>
         <subfield code="t">Shi lun Ningbo gang cheng de xing cheng yu Zhe dong dui wai hai shang hang lu de kai pi /</subfield>
         <subfield code="r">Liu Huanwu, Wang Lijun --</subfield>
         <subfield code="t">Hai wai mao yi yu Tang Song Mingzhou she hui jing ji de fa zhan /</subfield>
         <subfield code="r">Li Xiaonong, Xie Xingzhi --</subfield>
         <subfield code="t">Tang zhi Bei Song Mingzhou gang nan xia hang lu yu mao yi /</subfield>
         <subfield code="r">Wang Hongxing --</subfield>
         <subfield code="t">Wu dai Wu Yue guo shi qi Ningbo yu Riben hai wai mao yi ning ci yu te dian tan tao /</subfield>
         <subfield code="r">Wang Xinxi --</subfield>
         <subfield code="t">Wu dai Yue yao zai Penghu: liang an jiao tong de di yi bo /</subfield>
         <subfield code="r">Chen Xinxiong --</subfield>
         <subfield code="t">Wu dai Yue yao qing ci de wai xiao yu zhi ci ji shu de chuan bo /</subfield>
         <subfield code="r">Li Jun --</subfield>
         <subfield code="t">Mingzhou hang xian zui zao shi yong luo pan zhi ji lu /</subfield>
         <subfield code="r">Chen Jiarong --</subfield>
         <subfield code="t">Liang Song shi qi Mingzhou wei shu niu gang de Zhong Chao hang hai /</subfield>
         <subfield code="r">Shi Cunlong --</subfield>
         <subfield code="t">Lue lun Mingzhou zai Song Li ming jian mao yi de de wei /</subfield>
         <subfield code="r">Zhang Wei --</subfield>
         <subfield code="t">Putuoshan de Xinluodiao, Gaoli daotou zai “Dong Ya hai shang si chou zhi lu” zhong de zhong yao di wei /</subfield>
         <subfield code="r">Wang Liansheng --</subfield>
         <subfield code="t">Yuan Ri mao yi te zheng lun: yi Qingyuan gang wei kao cha dui xiang /</subfield>
         <subfield code="r">Jiang Jing --</subfield>
         <subfield code="t">Yi wen hua jiao liu zhong de Ningbo: shi dai yu ren qun, mao yi /</subfield>
         <subfield code="r">Ma Yihong --</subfield>
         <subfield code="t">Ming dai Ningbo zai Zhong Ri jing ji jiao wang zhogn de di wei: jian lun guang, min mao yi fang shi de zhuan bian yu Jiajing “Da wo luan” de qi yin /</subfield>
         <subfield code="r">Wang Mumin --</subfield>
         <subfield code="t">Ming dai Ningbo de “Gong shi”: yi Ming mo Gao Yutai "Jing zhi lu" wei zhong xin de tan xi /</subfield>
         <subfield code="r">Wang Ming --</subfield>
         <subfield code="t">Ming Qing Ningbo yu Riben de jing ji jiao wang /</subfield>
         <subfield code="r">Le Chenyao --</subfield>
         <subfield code="t">Ming Qing shi qi de Min Zhe hai fang yi hai shang si chou zhi lu /</subfield>
         <subfield code="r">Jin Weibo</subfield>
      </datafield>
      <datafield tag="505" ind1="0" ind2="0">
         <subfield code="6">880-09</subfield>
         <subfield code="g">Dui yuan wen hua pian.</subfield>
         <subfield code="t">Zhongguo jian nan yu Chaoxian Bandao hai shang wen hua jiao liu /</subfield>
         <subfield code="r">Zhang Lizhi, Peng Yun --</subfield>
         <subfield code="t">Tang dai Mingzhou yu Zhong Ri jiao liu /</subfield>
         <subfield code="r">Wang Yong --</subfield>
         <subfield code="t">Hai shang si chou zhi lu yu Ningfo fo jiao /</subfield>
         <subfield code="r">Li Yukun --</subfield>
         <subfield code="t">Ninbbo hai shang si chou zhi lu yu dong fang hui bi quan yan jiu /</subfield>
         <subfield code="r">Chu Jianguo --</subfield>
         <subfield code="t">Ningbo “Hai shang si chou zhi lu” yu yi min guan xi chu tan /</subfield>
         <subfield code="r">Shi Zuqing --</subfield>
         <subfield code="t">Lai Song Ri seng Chenxun yu Ningbo shang ren Chen Yong /</subfield>
         <subfield code="r">Guo Wanping --</subfield>
         <subfield code="t">Lun Song dai Zhejiang yu Riben de wen hua jiao liu /</subfield>
         <subfield code="r">Xu Jinun --</subfield>
         <subfield code="t">Ninbbo yu Zhong Ri "Hai shang shu ji zhi lu” /</subfield>
         <subfield code="r">He Yuhong --</subfield>
         <subfield code="t">Ming Qing jian lai Ningbo Tianzhujiao chuan jiao shi kao lue /</subfield>
         <subfield code="r">Xu Liangxiong, Wang Lan --</subfield>
         <subfield code="t">Tian yi ge cang Ming chao ben "Guan pin ling" yu Zhong Ri lu ling zhi du de yan jiu /</subfield>
         <subfield code="r">Yu Haoxu --</subfield>
         <subfield code="t">Lun Mazu xin yang dui Ningbo hai shang si chou zhi lu de fa zhan zuo yong /</subfield>
         <subfield code="r">Huang Zhesu --</subfield>
         <subfield code="t">Lai yong chuan jiao shi de wen hua huo dong chu tan /</subfield>
         <subfield code="r">Xie Zhensheng --</subfield>
         <subfield code="t">"Shi li shi xue" de shi jian: Zhu Shunshui yu Riben “Hou le yuan” /</subfield>
         <subfield code="r">Lu Nufang --</subfield>
         <subfield code="t">Ningbo hua hua shu fang kan ben zhi jian lue shu /</subfield>
         <subfield code="r">Huang Shijian --</subfield>
         <subfield code="t">Jin dai lai hua chuan jiao shi Ding Weiliang yu Ningbo: du "Hua jia ji yi" /</subfield>
         <subfield code="r">Zhou Pingping --</subfield>
         <subfield code="t">Dong hai zhi bing tan tian xue: Ming Qing zhi ji Ningbo Tianzhu jiao du Zhu Zongyuan de si xiang /</subfield>
         <subfield code="r">Gong Yingyan.</subfield>
      </datafield>
      <datafield tag="650" ind1=" " ind2="0">
         <subfield code="a">Merchant marine</subfield>
         <subfield code="z">China</subfield>
         <subfield code="z">Ningbo Shi</subfield>
         <subfield code="x">History</subfield>
         <subfield code="v">Congresses.</subfield>
      </datafield>
      <datafield tag="651" ind1=" " ind2="0">
         <subfield code="a">Ningbo Shi (China)</subfield>
         <subfield code="x">Economic conditions</subfield>
         <subfield code="v">Congresses.</subfield>
      </datafield>
      <datafield tag="651" ind1=" " ind2="0">
         <subfield code="a">Ningbo Shi (China)</subfield>
         <subfield code="x">History</subfield>
         <subfield code="v">Congresses.</subfield>
      </datafield>
      <datafield tag="650" ind1="0" ind2="7">
         <subfield code="a">Wirtschaft.</subfield>
         <subfield code="2">swd</subfield>
      </datafield>
      <datafield tag="651" ind1=" " ind2="7">
         <subfield code="a">Ningbo.</subfield>
         <subfield code="2">swd</subfield>
      </datafield>
      <datafield tag="650" ind1=" " ind2="7">
         <subfield code="a">Economic history.</subfield>
         <subfield code="2">fast</subfield>
         <subfield code="0">(OCoLC)fst00901974</subfield>
      </datafield>
      <datafield tag="650" ind1=" " ind2="7">
         <subfield code="a">Merchant marine.</subfield>
         <subfield code="2">fast</subfield>
         <subfield code="0">(OCoLC)fst01016936</subfield>
      </datafield>
      <datafield tag="651" ind1=" " ind2="7">
         <subfield code="a">China</subfield>
         <subfield code="z">Ningbo Shi.</subfield>
         <subfield code="2">fast</subfield>
         <subfield code="0">(OCoLC)fst01229297</subfield>
      </datafield>
      <datafield tag="648" ind1=" " ind2="7">
         <subfield code="a">Geschichte.</subfield>
         <subfield code="2">swd</subfield>
      </datafield>
      <datafield tag="655" ind1=" " ind2="7">
         <subfield code="a">Kongress.</subfield>
         <subfield code="2">swd</subfield>
      </datafield>
      <datafield tag="655" ind1=" " ind2="7">
         <subfield code="a">Ningbo (2005)</subfield>
         <subfield code="2">swd</subfield>
      </datafield>
      <datafield tag="655" ind1=" " ind2="7">
         <subfield code="a">Conference proceedings.</subfield>
         <subfield code="2">fast</subfield>
         <subfield code="0">(OCoLC)fst01423772</subfield>
      </datafield>
      <datafield tag="655" ind1=" " ind2="7">
         <subfield code="a">History.</subfield>
         <subfield code="2">fast</subfield>
         <subfield code="0">(OCoLC)fst01411628</subfield>
      </datafield>
      <datafield tag="710" ind1="2" ind2=" ">
         <subfield code="a">Ningbo "Hai shang si chou zhi lu" shen bao shi jie wen hua yi chan ban gong shi</subfield>
         <subfield code="6">880-10</subfield>
      </datafield>
      <datafield tag="710" ind1="1" ind2=" ">
         <subfield code="a">Ningbo Shi (China).</subfield>
         <subfield code="b">Wen wu bao hu guan li suo</subfield>
         <subfield code="6">880-11</subfield>
      </datafield>
      <datafield tag="710" ind1="1" ind2=" ">
         <subfield code="a">Ningbo Shi (China).</subfield>
         <subfield code="b">Wen wu kao gu yan jiu suo</subfield>
         <subfield code="6">880-12</subfield>
      </datafield>
      <datafield tag="711" ind1="2" ind2=" ">
         <subfield code="6">880-13</subfield>
         <subfield code="a">Ningbo "Hai shang si chou zhi lu" xue shu yan tao hui.</subfield>
      </datafield>
      <datafield tag="776" ind1="0" ind2="8">
         <subfield code="i">Online version:</subfield>
         <subfield code="a">Ningbo hai shang si chou zhi lu xue shu yan tao hui (2005 : Ningbo Shi, China)</subfield>
         <subfield code="t">Ningbo yu hai shang si chou zhi lu.</subfield>
         <subfield code="b">Di 1 ban.</subfield>
         <subfield code="d">Beijing : Ke xue chu ban she, 2006</subfield>
         <subfield code="w">(OCoLC)654439959</subfield>
      </datafield>
      <datafield tag="880" ind1="2" ind2=" ">
         <subfield code="6">111-01/</subfield>
         <subfield code="a">宁波海上丝绸之路学术研讨会</subfield>
         <subfield code="d">(2005 :</subfield>
         <subfield code="c">Ningbo, China)</subfield>
      </datafield>
      <datafield tag="880" ind1="1" ind2="0">
         <subfield code="6">245-02/</subfield>
         <subfield code="a">宁波与海上丝绸之路 /</subfield>
         <subfield code="c">宁波"海上丝绸之路"申报世界文化遗产办公室, 宁波市文物保护管理所, 宁波市文物考古研究所编著.</subfield>
      </datafield>
      <datafield tag="880" ind1=" " ind2=" ">
         <subfield code="6">250-03/</subfield>
         <subfield code="a">第1版.</subfield>
      </datafield>
      <datafield tag="880" ind1=" " ind2=" ">
         <subfield code="6">260-04/</subfield>
         <subfield code="a">北京 :</subfield>
         <subfield code="b">科学出版社,</subfield>
         <subfield code="c">2006.</subfield>
      </datafield>
      <datafield tag="880" ind1="1" ind2=" ">
         <subfield code="6">490-05/</subfield>
         <subfield code="a">宁波文物考古研究丛书. 丁种 ;</subfield>
         <subfield code="v">第1号</subfield>
      </datafield>
      <datafield tag="880" ind1=" " ind2=" ">
         <subfield code="6">500-06/</subfield>
         <subfield code="a">Selected papers from an international symposium, 宁波"海上丝绸之路"学术研讨会, Dec. 10-11, 2005.</subfield>
      </datafield>
      <datafield tag="880" ind1="0" ind2="0">
         <subfield code="6">505-07/</subfield>
         <subfield code="g">综合篇.</subfield>
         <subfield code="t">宁波“海上丝绸之路”文化遗存初探（摘要）/</subfield>
         <subfield code="r">陈炎 --</subfield>
         <subfield code="t">宋元时期的明州（庆元）港（摘要）/</subfield>
         <subfield code="r">陈高华 --</subfield>
         <subfield code="t">千年宁波港荣辱伴中华: 西方人视野中的宁波地区 /</subfield>
         <subfield code="r">耿昇 --</subfield>
         <subfield code="t">对海上丝绸之路研究的几点拙见 /</subfield>
         <subfield code="r">孙进己 --</subfield>
         <subfield code="t">宁波的造船业与海上丝绸之路 /</subfield>
         <subfield code="r">席龙飞 --</subfield>
         <subfield code="t">浅谈宁波“海上丝绸之路”历史发展与分期 /</subfield>
         <subfield code="r">林士民 --</subfield>
         <subfield code="t">试论宁波“海上丝绸之路”的历史地位及主要特征 /</subfield>
         <subfield code="r">鲍志成 --</subfield>
         <subfield code="t">宁波在东北亚的地位 /</subfield>
         <subfield code="r">孙泓 --</subfield>
         <subfield code="t">广州、宁波等中国沿海外贸港口比较刍议 /</subfield>
         <subfield code="r">王元林 --</subfield>
         <subfield code="t">宁波、泉州的比较研究 /</subfield>
         <subfield code="r">陆芸 --</subfield>
         <subfield code="t">元代宁波在中日关系中的矛盾性格 /</subfield>
         <subfield code="r">毛阳光 --</subfield>
         <subfield code="t">宁波与海上丝绸之路 /</subfield>
         <subfield code="r">白芳 --</subfield>
         <subfield code="t">东亚的海域交流与日本传统文化的形成: 以宁波为焦点介绍（摘要）/</subfield>
         <subfield code="r">冈元司 --</subfield>
         <subfield code="t">“海上丝绸之路”宁波文化遗存界定之管见 /</subfield>
         <subfield code="r">李英魁</subfield>
      </datafield>
      <datafield tag="880" ind1="0" ind2="0">
         <subfield code="6">505-08/</subfield>
         <subfield code="g">港口贸易篇.</subfield>
         <subfield code="t">遣唐使时代五岛列岛和明州的关系 /</subfield>
         <subfield code="r">毛昭晰 --</subfield>
         <subfield code="t">试论宁波港城的形成与浙东对外海上航路的开辟 /</subfield>
         <subfield code="r">刘恒武 王力军 --</subfield>
         <subfield code="t">海外贸易与唐宋明州社会经济的发展 /</subfield>
         <subfield code="r">李小红 谢兴志 --</subfield>
         <subfield code="t">唐至北宋明州港南下航路与贸易 /</subfield>
         <subfield code="r">王宏星 --</subfield>
         <subfield code="t">五代吴越国时期宁波与日本海外贸易年次及特点探讨 /</subfield>
         <subfield code="r">王心喜 --</subfield>
         <subfield code="t">五代越窑在澎湖: 两岸交通的第一波 /</subfield>
         <subfield code="r">陈信雄 --</subfield>
         <subfield code="t">五代越窑青瓷的外销与制瓷技术的传播 /</subfield>
         <subfield code="r">李军 --</subfield>
         <subfield code="t">明州航线最早使用罗盘之记录 /</subfield>
         <subfield code="r">陈佳荣 --</subfield>
         <subfield code="t">两宋时期明州为枢纽港的中朝航海 /</subfield>
         <subfield code="r">施存龙 --</subfield>
         <subfield code="t">略论明州在宋丽民间贸易中的地位 /</subfield>
         <subfield code="r">张伟 --</subfield>
         <subfield code="t">普陀山的新罗礁、高丽道头在“东亚海上丝绸之路”中的重要地位 /</subfield>
         <subfield code="r">王连胜 --</subfield>
         <subfield code="t">元日贸易特征论: 以庆元港为考察对象 /</subfield>
         <subfield code="r">江静 --</subfield>
         <subfield code="t">异文化交流中的宁波: 时代与人群、贸易 /</subfield>
         <subfield code="r">马一虹 --</subfield>
         <subfield code="t">明代宁波在中日经济交往中的地位: --</subfield>
         <subfield code="t">兼论官、民贸易方式的转变与嘉靖“大倭乱”的起因 /</subfield>
         <subfield code="r">王慕民 --</subfield>
         <subfield code="t">明代宁波的“贡市”: 以明末高宇泰《敬止录》为中心的探析 /</subfield>
         <subfield code="r">万明 --</subfield>
         <subfield code="t">明清宁波与日本的经济交往 /</subfield>
         <subfield code="r">乐承耀 --</subfield>
         <subfield code="t">明清时期的闽浙海防与海上丝绸之路 /</subfield>
         <subfield code="r">靳维柏</subfield>
      </datafield>
      <datafield tag="880" ind1="0" ind2="0">
         <subfield code="6">505-09/</subfield>
         <subfield code="g">多元文化篇.</subfield>
         <subfield code="t">中国江南与朝鲜半岛海上文化交流 /</subfield>
         <subfield code="r">张志立, 彭云 --</subfield>
         <subfield code="t">唐代明州与中日交流 /</subfield>
         <subfield code="r">王勇 --</subfield>
         <subfield code="t">海上丝绸之路与宁波佛教 /</subfield>
         <subfield code="r">李玉昆 --</subfield>
         <subfield code="t">宁波海上丝绸之路与东方货币圈研究 /</subfield>
         <subfield code="r">储建国 --</subfield>
         <subfield code="t">宁波“海上丝绸之路”与移民关系初探 /</subfield>
         <subfield code="r">施祖青 --</subfield>
         <subfield code="t">来宋日僧成寻与宁波商人陈咏 /</subfield>
         <subfield code="r">郭万平 --</subfield>
         <subfield code="t">论宋代浙江与日本的文化交流 /</subfield>
         <subfield code="r">徐吉军 --</subfield>
         <subfield code="t">宁波与中日“海上书籍之路” /</subfield>
         <subfield code="r">贺宇红 --</subfield>
         <subfield code="t">明清间来宁波天主教传教士考略 /</subfield>
         <subfield code="r">徐良雄 汪岚 --</subfield>
         <subfield code="t">天一阁藏明抄本《官品令》与中日律令制度的研究 /</subfield>
         <subfield code="r">虞浩旭 --</subfield>
         <subfield code="t">论妈祖信仰对宁波海上丝绸之路发展的作用 /</subfield>
         <subfield code="r">黄浙苏 --</subfield>
         <subfield code="t">来甬传教士的文化活动初探 /</subfield>
         <subfield code="r">谢振声 “实理实学”的实践: --</subfield>
         <subfield code="t">朱舜水与日本“后乐园” /</subfield>
         <subfield code="r">鲁怒放 --</subfield>
         <subfield code="t">宁波华花书房刊本知见略述 /</subfield>
         <subfield code="r">黄时鉴 --</subfield>
         <subfield code="t">近代来华传教士丁韪良与宁波: 读《花甲记忆》 /</subfield>
         <subfield code="r">周萍萍 --</subfield>
         <subfield code="t">东海之滨谈天学: 明清之际宁波天主教徒朱宗元的思想 /</subfield>
         <subfield code="r">龚缨晏.</subfield>
      </datafield>
      <datafield tag="880" ind1="2" ind2=" ">
         <subfield code="6">710-10/</subfield>
         <subfield code="a">宁波"海上丝绸之路"申报世界文化遗产办公室.</subfield>
      </datafield>
      <datafield tag="880" ind1="2" ind2=" ">
         <subfield code="6">710-11/</subfield>
         <subfield code="a">宁波市 (China).</subfield>
         <subfield code="b">文物保护管理所.</subfield>
      </datafield>
      <datafield tag="880" ind1="2" ind2=" ">
         <subfield code="6">710-12/</subfield>
         <subfield code="a">宁波市 (China).</subfield>
         <subfield code="b">文物考古研究所.</subfield>
      </datafield>
      <datafield tag="880" ind1="2" ind2=" ">
         <subfield code="6">711-13/</subfield>
         <subfield code="a">宁波"海上丝绸之路"学术研讨会.</subfield>
      </datafield>
      <datafield tag="830" ind1=" " ind2="0">
         <subfield code="6">880-14</subfield>
         <subfield code="a">Ningbo wen wu kao gu yan jiu cong shu.</subfield>
         <subfield code="p">Ding zhong ;</subfield>
         <subfield code="v">di 1 hao.</subfield>
      </datafield>
      <datafield tag="880" ind1=" " ind2="0">
         <subfield code="6">830-14/</subfield>
         <subfield code="a">宁波文物考古研究丛书.</subfield>
         <subfield code="p">丁种 ;</subfield>
         <subfield code="v">第1号.</subfield>
      </datafield>
      <datafield tag="994" ind1=" " ind2=" ">
         <subfield code="a">Z0</subfield>
         <subfield code="b">ZYU</subfield>
      </datafield>
      <datafield tag="OWN" ind1=" " ind2=" ">
         <subfield code="a">GENERAL</subfield>
      </datafield>
      <datafield tag="AVA" ind1=" " ind2=" ">
         <subfield code="a">NYU50</subfield>
         <subfield code="b">NISAW</subfield>
         <subfield code="c">Small Collection</subfield>
         <subfield code="d">HE894 .N56 2006</subfield>
         <subfield code="e">available</subfield>
         <subfield code="t">Available</subfield>
         <subfield code="f">1</subfield>
         <subfield code="g">0</subfield>
         <subfield code="h">N</subfield>
         <subfield code="i">0</subfield>
         <subfield code="j">SMALL</subfield>
         <subfield code="k">0</subfield>
      </datafield>
      <marc:datafield tag="852" ind1=" " ind2=" ">
         <marc:subfield code="b">Institute for the Study of the Ancient World, </marc:subfield>
         <marc:subfield code="c">Small Collection</marc:subfield>
         <marc:subfield code="e">15 East 84th St., </marc:subfield>
         <marc:subfield code="e">New York, NY  10028</marc:subfield>
      </marc:datafield>
   </record>