
  
  
  
  
  
 
  
  <record xsi:schemaLocation="http://www.loc.gov/MARC21/slim http://www.loc.gov/standards/marcxml/schema/MARC21slim.xsd">
      <leader>00000cam  2200637 a 4500</leader>
      <controlfield tag="FMT">BK</controlfield>
      <controlfield tag="LDR">00000cam  2200637 a 4500</controlfield>
      <controlfield tag="001">004070878</controlfield>
      <controlfield tag="003">OCoLC</controlfield>
      <controlfield tag="005">20141121120458.0</controlfield>
      <controlfield tag="008">141120s1999    cc a     b    100 0 chi d</controlfield>
      <datafield tag="020" ind1=" " ind2=" ">
         <subfield code="a">703007467X</subfield>
      </datafield>
      <datafield tag="020" ind1=" " ind2=" ">
         <subfield code="a">9787030074676</subfield>
      </datafield>
      <datafield tag="035" ind1=" " ind2=" ">
         <subfield code="a">(OCoLC)46443772</subfield>
      </datafield>
      <datafield tag="040" ind1=" " ind2=" ">
         <subfield code="a">CGU</subfield>
         <subfield code="c">CGU</subfield>
         <subfield code="d">PIT</subfield>
         <subfield code="d">OCLCF</subfield>
         <subfield code="d">ZYU</subfield>
         <subfield code="d">NNU</subfield>
      </datafield>
      <datafield tag="041" ind1="0" ind2=" ">
         <subfield code="a">chi</subfield>
         <subfield code="b">eng</subfield>
         <subfield code="f">eng</subfield>
      </datafield>
      <datafield tag="043" ind1=" " ind2=" ">
         <subfield code="a">a-cc---</subfield>
         <subfield code="a">a-cc-hp</subfield>
      </datafield>
      <datafield tag="050" ind1="1" ind2="4">
         <subfield code="a">DS741.65</subfield>
         <subfield code="b">.S343 1999</subfield>
      </datafield>
      <datafield tag="066" ind1=" " ind2=" ">
         <subfield code="c">$1</subfield>
      </datafield>
      <datafield tag="111" ind1="2" ind2=" ">
         <subfield code="6">880-01</subfield>
         <subfield code="a">Zhongguo Shang Zhou wen ming guo ji xue shu yan tao hui</subfield>
         <subfield code="d">(1998 :</subfield>
         <subfield code="c">Xingtai, China)</subfield>
      </datafield>
      <datafield tag="245" ind1="1" ind2="0">
         <subfield code="6">880-02</subfield>
         <subfield code="a">San dai wen ming yan jiu :</subfield>
         <subfield code="b">1998 nian Hebei Xingtai Zhongguo Shang Zhou wen ming guo ji xue shu yan tao hui lun wen ji /</subfield>
         <subfield code="c">"San dai wen ming yan jiu" bian ji wei yuan hui bian.</subfield>
      </datafield>
      <datafield tag="246" ind1="3" ind2="0">
         <subfield code="6">880-03</subfield>
         <subfield code="a">1998 nian Hebei Xingtai Zhongguo Shang Zhou wen ming guo ji xue shu yan tao hui lun wen ji</subfield>
      </datafield>
      <datafield tag="250" ind1=" " ind2=" ">
         <subfield code="6">880-04</subfield>
         <subfield code="a">Di 1 ban.</subfield>
      </datafield>
      <datafield tag="260" ind1=" " ind2=" ">
         <subfield code="6">880-05</subfield>
         <subfield code="a">Beijing :</subfield>
         <subfield code="b">Ke xue chu ban she :</subfield>
         <subfield code="b">Xin hua shu dian Beijing fa xing suo fa xing,</subfield>
         <subfield code="c">1999.</subfield>
      </datafield>
      <datafield tag="300" ind1=" " ind2=" ">
         <subfield code="a">v. :</subfield>
         <subfield code="b">ill. ;</subfield>
         <subfield code="c">27 cm.</subfield>
      </datafield>
      <datafield tag="490" ind1="1" ind2=" ">
         <subfield code="6">880-06</subfield>
         <subfield code="a">San dai wen ming yan jiu ;</subfield>
         <subfield code="v">1</subfield>
      </datafield>
      <datafield tag="546" ind1=" " ind2=" ">
         <subfield code="a">Abstracts and table of contents also in English.</subfield>
      </datafield>
      <datafield tag="504" ind1=" " ind2=" ">
         <subfield code="a">Includes bibliographical references.</subfield>
      </datafield>
      <datafield tag="520" ind1=" " ind2=" ">
         <subfield code="6">880-07</subfield>
         <subfield code="a">Ben shu shou ji lun wen 58 pian, nei rong zhu yao she ji Xingtai Diqu he Jinan Diqu de xian Shang wen hua, liang Zhou Xingtai kao gu yu li shi you guan de xin fa xian he xin yan jiu.</subfield>
      </datafield>
      <datafield tag="505" ind1="0" ind2="0">
         <subfield code="6">880-08</subfield>
         <subfield code="g">Hebei he Xingtai wen wu kao gu gong zuo zong shu.</subfield>
         <subfield code="t">Hebei wen wu kao gu gai shu /</subfield>
         <subfield code="r">Zhang Lizhu --</subfield>
         <subfield code="t">Xingtai wen wu kao gu gai shu /</subfield>
         <subfield code="r">Liu Longqi</subfield>
         <subfield code="g">Xingtai kao gu fa xian yu yan jiu.</subfield>
         <subfield code="t">1993―1997 nian Xinggai Gejiazhuang xian Shang yi zhi, liang Zhou gui zu mu di kao gu gong zuo de zhu yao shuo huo /</subfield>
         <subfield code="r">Ren Yashan, Guo Ruihai, Jia Jinbiao --</subfield>
         <subfield code="t">Xingtai Nanxiaowang xi Zhou yi zhi kao gu xin shou huo /</subfield>
         <subfield code="r">Li Jun, Gu Congzhi, Li Enwei --</subfield>
         <subfield code="t">Xingtai Gejiazhuang xian Shang wen hua yi cun fen xi /</subfield>
         <subfield code="r">Guo Ruihai, Ren Yashan, Jia Jinbiao --</subfield>
         <subfield code="t">Xingtai yu xian Shang wen hua, Zu yi qian Xing yan jiu /</subfield>
         <subfield code="r">Zou Heng --</subfield>
         <subfield code="t">Xingtai di qu Shang wen ming chu lun /</subfield>
         <subfield code="r">Li Enwei, Li Jun, Shi Congzhi --</subfield>
         <subfield code="t">Lun Xingtai Gejiazhuan xuan ge /</subfield>
         <subfield code="r">Li Xueqin --</subfield>
         <subfield code="t">Guan yu Xingtai Gejiazhuang chu tu de xi Zhou qing tong yue de tu wen /</subfield>
         <subfield code="r">Linsinaifu --</subfield>
         <subfield code="t">Xingtai Diqu xi Zhou tao qi de chu tu yan jiu /</subfield>
         <subfield code="r">Jia Jinbiao, Ren Yashan, Guo Ruihai --</subfield>
         <subfield code="t">Xingtai Diqu tao li chu tu yan jiu /</subfield>
         <subfield code="r">Shi Congzhi, Li Enwei, Li Jun --</subfield>
         <subfield code="t">Xingtai Nan xiao wang xi Zhou jia gu chu tu de yi yi /</subfield>
         <subfield code="r">Wang Yuxin --</subfield>
         <subfield code="t">Xingtai Xi Zhou bu ci na Zhou Zhaogong bu kao: jian lun Zhou Yuan bu ci “Yue” /</subfield>
         <subfield code="r">Cao Dingyun --</subfield>
         <subfield code="t">Xingtai Diqu Shang wen hua zhong de shang pin jing ji /</subfield>
         <subfield code="r">Yang Shengnan</subfield>
      </datafield>
      <datafield tag="505" ind1="0" ind2="0">
         <subfield code="6">880-09</subfield>
         <subfield code="g">Xingguo wen wu yu li shi ya njiu.</subfield>
         <subfield code="t">Xing hou gui zai yan jiu /</subfield>
         <subfield code="r">Chen Ping --</subfield>
         <subfield code="t">Xing guo qing tong qi de chu bu fen xi /</subfield>
         <subfield code="r">Li Xiandeng --</subfield>
         <subfield code="t">Xing, Zheng jing, Feng jing chu yi /</subfield>
         <subfield code="r">Xu Lianggao --</subfield>
         <subfield code="t">Xing guo gai feng de yuan yin ji qi yu Zheng Xing, Feng Xing de guan xi /</subfield>
         <subfield code="r">Yin Shengping --</subfield>
         <subfield code="t">Zu yi qian Xing kao /</subfield>
         <subfield code="r">Qin Wensheng --</subfield>
         <subfield code="t">Xi Zhou Xing guo de zhan lue di wei /</subfield>
         <subfield code="r">Zhang Yongshan --</subfield>
         <subfield code="t">Xing hou suo bo zhi “Rong” kao /</subfield>
         <subfield code="r">Zhang Huaitong --</subfield>
         <subfield code="g">Xia Shang Zhou ka ogu fa xian yu yan jiu.</subfield>
         <subfield code="t">Anyang Xiaotun xi di de xian Shang wen hua yi cun: jian lun “Mie yuan zhuan yi qi” wen hua de shi dai /</subfield>
         <subfield code="r">Liu Yiman --</subfield>
         <subfield code="t">Handan jing nei de xian Shang wen hua ji qi xiang guan wen ti /</subfield>
         <subfield code="r">Qiao Heyun, Zhang Yuan --</subfield>
         <subfield code="t">Tai hang shan dong lu di qu Xia shi qi kao gu xue wen hua qian xi /</subfield>
         <subfield code="r">Zhang Cuilian --</subfield>
         <subfield code="t">Yanshi Shang cheng yu Xia Shang wen hua fen jie /</subfield>
         <subfield code="r">Gao Wei, Yang Xizhang, Wang Wei, Du Jinpeng --</subfield>
         <subfield code="t">Xian Shang wen hua de tan suo li cheng /</subfield>
         <subfield code="r">Zhang Lidong --</subfield>
         <subfield code="t">Xian Shang wen hua yuan yuan yu bo hua /</subfield>
         <subfield code="r">Li Weiming --</subfield>
         <subfield code="t">Guan yu zao Shang wen hua de qi shi nian dai ji xing cheng wen ti /</subfield>
         <subfield code="r">Duan Hongzhen --</subfield>
         <subfield code="t">Hebei Shang dai yi cun chu lun /</subfield>
         <subfield code="r">Chou Fengqin, Wu Dongfeng --</subfield>
         <subfield code="t">Longyao shuang bei yi zhi wan Shang yi cun fen xi /</subfield>
         <subfield code="r">Gao Jianqiang --</subfield>
         <subfield code="t">Shanxi Pinglu qian zhuang Shang dai yi zhi fen xi /</subfield>
         <subfield code="r">Zhang Chongning --</subfield>
         <subfield code="t">Shang dai zao qi che zhe yu shuang lun che zai Zhongguo de chu xian /</subfield>
         <subfield code="r">Wang Xuerong --</subfield>
         <subfield code="t">Yue bei ji nan di qu de zhong Shang yi cun yu Pangeng yi xian de Shang du qian xi /</subfield>
         <subfield code="r">Yang Xizhang, Tang Jigeng --</subfield>
         <subfield code="t">Shangdong Shang dai kao gu yan jiu de xin jin zhan /</subfield>
         <subfield code="r">Xu Ji --</subfield>
         <subfield code="t">Shang shi qi Lu bei di qu de Yi ren de yi cun /</subfield>
         <subfield code="r">Luan Fengshi</subfield>
      </datafield>
      <datafield tag="505" ind1="0" ind2="0">
         <subfield code="6">880-10</subfield>
         <subfield code="g">San dia li shi yu wen wu.</subfield>
         <subfield code="t">Lun Xia Shang Zhou san zu de qi yuan /</subfield>
         <subfield code="r">Zhang Guoshuo --</subfield>
         <subfield code="t">Lun Xia Shang Xi Zhou san dai cheng shi zhi te zhi /</subfield>
         <subfield code="r">Xu Hong --</subfield>
         <subfield code="t">Shang zu de qian xi yu Ji zhong nan zhi Bo /</subfield>
         <subfield code="r">Zhu Yanmin --</subfield>
         <subfield code="t">Zhui suo Shang dai Xing duo di wang /</subfield>
         <subfield code="r">Li Min --</subfield>
         <subfield code="t">Guan yu Shang wang guo de zheng ti wen ti: wang guo jiang yu de kao gu zuo zheng /</subfield>
         <subfield code="r">Li Shaolian --</subfield>
         <subfield code="t">Shandong Gaozhou gu guo yu Xing zhi guan xi kao /</subfield>
         <subfield code="r">Sun Jingming --</subfield>
         <subfield code="t">Shang mo Zhou chu de Xing ji ji nan di qu /</subfield>
         <subfield code="r">He Hongbo --</subfield>
         <subfield code="t">Zhong wen hua de xing cheng /</subfield>
         <subfield code="r">Chen Quanfang --</subfield>
         <subfield code="t">Zhou chu Yin dong San guo feng jian wang dai shi zheng: jian tan shang gu shi zhi jiao wang guo zheng he chogn jian /</subfield>
         <subfield code="r">Wang Yongbo --</subfield>
         <subfield code="t">Shang wen hua yan jiu de ruo gan wen ti: zai ji nian Yin fa ju 70 zhou ni nzhi ji de fan si /</subfield>
         <subfield code="r">Fan Xiaoping --</subfield>
         <subfield code="t">Hebei Shang dai ming tong qi de zong shu /</subfield>
         <subfield code="r">Liu Chaoying, Pei Shulan --</subfield>
         <subfield code="t">Zhaoming zhi ju yu Yuan shi tong qi /</subfield>
         <subfield code="r">Li Xu --</subfield>
         <subfield code="t">Qian tan Shang Zhou qing tong qi feng zhang yu si xiang yi shi yan bian /</subfield>
         <subfield code="r">Zhang Chunzhang --</subfield>
         <subfield code="t">Nang fang qign tong qi de nian dai pan ding yu wen hua zhi hou lun /</subfield>
         <subfield code="r">Shi Jinsong --</subfield>
         <subfield code="t">Zai tang Yin bu yong jia gu de lai yuan /</subfield>
         <subfield code="r">Song Zhenhao --</subfield>
         <subfield code="t">Shang Zhou bing xing yu qi (yu gui) kao /</subfield>
         <subfield code="r">Zhang Jian --</subfield>
         <subfield code="t">Xi Zhou hai bei zhi yan jiu /</subfield>
         <subfield code="r">Jintengqiaoyi --</subfield>
         <subfield code="t">Lun bo ci /</subfield>
         <subfield code="r">Ge Yinghui --</subfield>
         <subfield code="t">Xia Shang shi qi Hebei gu dai zhi wen hua de guan xi wen ti /</subfield>
         <subfield code="r">Zheng Shaozong.</subfield>
      </datafield>
      <datafield tag="651" ind1=" " ind2="0">
         <subfield code="a">China</subfield>
         <subfield code="x">Civilization</subfield>
         <subfield code="y">To 221 B.C.</subfield>
         <subfield code="v">Congresses.</subfield>
      </datafield>
      <datafield tag="651" ind1=" " ind2="0">
         <subfield code="a">Hebei Sheng (China)</subfield>
         <subfield code="6">880-11</subfield>
         <subfield code="x">Antiquities</subfield>
         <subfield code="v">Congresses.</subfield>
      </datafield>
      <datafield tag="650" ind1=" " ind2="7">
         <subfield code="a">Antiquities.</subfield>
         <subfield code="2">fast</subfield>
         <subfield code="0">(OCoLC)fst00810745</subfield>
      </datafield>
      <datafield tag="650" ind1=" " ind2="7">
         <subfield code="a">Civilization.</subfield>
         <subfield code="2">fast</subfield>
         <subfield code="0">(OCoLC)fst00862898</subfield>
      </datafield>
      <datafield tag="651" ind1=" " ind2="7">
         <subfield code="a">China.</subfield>
         <subfield code="2">fast</subfield>
         <subfield code="0">(OCoLC)fst01206073</subfield>
      </datafield>
      <datafield tag="651" ind1=" " ind2="7">
         <subfield code="a">China</subfield>
         <subfield code="z">Hebei Sheng.</subfield>
         <subfield code="2">fast</subfield>
         <subfield code="0">(OCoLC)fst01215481</subfield>
      </datafield>
      <datafield tag="648" ind1=" " ind2="7">
         <subfield code="a">To 221 B.C.</subfield>
         <subfield code="2">fast</subfield>
      </datafield>
      <datafield tag="880" ind1="2" ind2=" ">
         <subfield code="6">111-01/</subfield>
         <subfield code="a">中国商周文明国际学术硏讨会</subfield>
         <subfield code="d">(1998 :</subfield>
         <subfield code="c">Xingtai, China)</subfield>
      </datafield>
      <datafield tag="880" ind1="1" ind2="0">
         <subfield code="6">245-02/</subfield>
         <subfield code="a">三代文明硏究 :</subfield>
         <subfield code="b">1998年河北邢台中国商周文明国际学术硏讨会论文集 /</subfield>
         <subfield code="c">《三代文明硏究》编辑委员会编.</subfield>
      </datafield>
      <datafield tag="880" ind1="3" ind2="0">
         <subfield code="6">246-03/</subfield>
         <subfield code="a">1998年河北邢台中国商周文明国际学术硏讨会论文集</subfield>
      </datafield>
      <datafield tag="880" ind1=" " ind2=" ">
         <subfield code="6">250-04/</subfield>
         <subfield code="a">第1版.</subfield>
      </datafield>
      <datafield tag="880" ind1=" " ind2=" ">
         <subfield code="6">260-05/</subfield>
         <subfield code="a">北京 :</subfield>
         <subfield code="b">科学出版社 :</subfield>
         <subfield code="b">新华书店北京发行所发行,</subfield>
         <subfield code="c">1999.</subfield>
      </datafield>
      <datafield tag="880" ind1="1" ind2=" ">
         <subfield code="6">490-06/</subfield>
         <subfield code="a">三代文明硏究 ；</subfield>
         <subfield code="v">1</subfield>
      </datafield>
      <datafield tag="880" ind1=" " ind2=" ">
         <subfield code="6">520-07/</subfield>
         <subfield code="a">本书收集论文58篇，内容主要涉及邢台地区和冀南地区的先商文化，两周邢台考古与历史有关的新发现和新研究.</subfield>
      </datafield>
      <datafield tag="880" ind1="0" ind2="0">
         <subfield code="6">505-08/</subfield>
         <subfield code="g">河北和邢台文物考古工作综述.</subfield>
         <subfield code="t">河北文物考古概述 /</subfield>
         <subfield code="r">张立柱 --</subfield>
         <subfield code="t">邢台文物考古概述 /</subfield>
         <subfield code="r">刘龙启</subfield>
         <subfield code="g">邢台考古发现与研究. --</subfield>
         <subfield code="t">1993―1997年邢台葛家庄先商遗址, 两周贵族墓地考古工作的主要收获 /</subfield>
         <subfield code="r">任亚珊, 郭瑞海, 贾金标 --</subfield>
         <subfield code="t">邢台南小汪西周遗址考古新收获 /</subfield>
         <subfield code="r">李军, 古从枝, 李恩玮 --</subfield>
         <subfield code="t">邢台葛家庄先商文化遗存分析 /</subfield>
         <subfield code="r">郭瑞海, 任亚珊, 贾金标 --</subfield>
         <subfield code="t">邢台与先商文化, 祖乙迁邢研究 /</subfield>
         <subfield code="r">邹衡 邢台地区商文明初论 /</subfield>
         <subfield code="r">李恩玮, 李军, 石从枝 论邢台葛家庄玄戈 /</subfield>
         <subfield code="r">李学勤 --</subfield>
         <subfield code="t">关于邢台葛家庄出土的西周青铜戚的图纹 /</subfield>
         <subfield code="r">林巳奈夫 --</subfield>
         <subfield code="t">邢台地区西周陶器的初步研究 /</subfield>
         <subfield code="r">贾金标, 任亚珊, 郭瑞海 --</subfield>
         <subfield code="t">邢台地区陶鬲初步研究 /</subfield>
         <subfield code="r">石从支, 李恩玮, 李 军 --</subfield>
         <subfield code="t">邢台南小汪西周甲骨出土的意义 /</subfield>
         <subfield code="r">王宇信 --</subfield>
         <subfield code="t">邢台西周卜辞乃周初召公占卜考: 兼论周原卜辞“曰” /</subfield>
         <subfield code="r">曹定云 --</subfield>
         <subfield code="t">邢台地区商文化中的商品经济 /</subfield>
         <subfield code="r">杨升南</subfield>
      </datafield>
      <datafield tag="880" ind1="0" ind2="0">
         <subfield code="6">505-09/</subfield>
         <subfield code="g">邢国文物与历史研究.</subfield>
         <subfield code="t">邢侯簋再研究 /</subfield>
         <subfield code="r">陈平 --</subfield>
         <subfield code="t">邢国青铜器的初步分析 /</subfield>
         <subfield code="r">李先登 --</subfield>
         <subfield code="t">邢、郑井、丰井刍议 /</subfield>
         <subfield code="r">徐良高 --</subfield>
         <subfield code="t">邢国改封的原因及其与郑邢、丰邢的关系 /</subfield>
         <subfield code="r">尹盛平 --</subfield>
         <subfield code="t">祖乙迁邢考 /</subfield>
         <subfield code="r">秦文生 --</subfield>
         <subfield code="t">西周邢国的战略地位 /</subfield>
         <subfield code="r">张永山 --</subfield>
         <subfield code="t">邢侯所搏之“戎”考 /</subfield>
         <subfield code="r">张怀通 --</subfield>
         <subfield code="g">夏商周考古发现与研究.</subfield>
         <subfield code="t">安阳小屯西地的先商文化遗存: 兼论“梅园庄一期”文化的时代 /</subfield>
         <subfield code="r">刘一曼 --</subfield>
         <subfield code="t">邯郸境内的先商文化及其相关问题 /</subfield>
         <subfield code="r">乔合云, 张 沅 --</subfield>
         <subfield code="t">太行山东麓地区夏时期考古学文化浅析 /</subfield>
         <subfield code="r">张翠莲 --</subfield>
         <subfield code="t">偃师商城与夏商文化分界 /</subfield>
         <subfield code="r">高 炜, 杨锡璋, 王 巍, 杜金鹏 --</subfield>
         <subfield code="t">先商文化的探索历程 /</subfield>
         <subfield code="r">张立东 --</subfield>
         <subfield code="t">先商文化渊源与播化 /</subfield>
         <subfield code="r">李维明 --</subfield>
         <subfield code="t">关于早商文化的起始年代及形成问题 /</subfield>
         <subfield code="r">段宏振 --</subfield>
         <subfield code="t">河北商代遗存初论 /</subfield>
         <subfield code="r">仇凤琴, 吴东风 --</subfield>
         <subfield code="t">隆尧双碑遗址晚商遗存分析 /</subfield>
         <subfield code="r">高建强 --</subfield>
         <subfield code="t">山西平陆前庄商代遗址分析 /</subfield>
         <subfield code="r">张崇宁 --</subfield>
         <subfield code="t">商代早期车辙与双轮车在中国的出现 /</subfield>
         <subfield code="r">王学荣 --</subfield>
         <subfield code="t">豫北冀南地区的中商遗存与盘庚以先的商都迁徙 /</subfield>
         <subfield code="r">杨锡璋, 唐际根 --</subfield>
         <subfield code="t">山东商代考古研究的新进展 /</subfield>
         <subfield code="r">徐基 --</subfield>
         <subfield code="t">商时期鲁北地区的夷人遗存 /</subfield>
         <subfield code="r">栾丰实</subfield>
      </datafield>
      <datafield tag="880" ind1="0" ind2="0">
         <subfield code="6">505-10/</subfield>
         <subfield code="g">三代历史与文物.</subfield>
         <subfield code="t">论夏商周三族的起源张国硕 /</subfield>
         <subfield code="r">张国硕 --</subfield>
         <subfield code="t">论夏商西周三代城市之特质 /</subfield>
         <subfield code="r">许宏 --</subfield>
         <subfield code="t">商族的迁徙与冀中南之毫 /</subfield>
         <subfield code="r">朱彦民 --</subfield>
         <subfield code="t">追溯商代邢都地望 /</subfield>
         <subfield code="r">李民 --</subfield>
         <subfield code="t">关于商王国的政体问题: 王国疆域的考古佐证 /</subfield>
         <subfield code="r">李绍连 --</subfield>
         <subfield code="t">山东高周古国与邢之关系考 /</subfield>
         <subfield code="r">孙敬明 --</subfield>
         <subfield code="t">商末周初的邢暨冀南地区 /</subfield>
         <subfield code="r">何宏波 --</subfield>
         <subfield code="t">周文化的形成 /</subfield>
         <subfield code="r">陈全方 --</subfield>
         <subfield code="t">周初殷东三国封建王代史征: 兼谈上古史之矫枉过正和重建 /</subfield>
         <subfield code="r">王永波 --</subfield>
         <subfield code="t">商文化研究的若干问题: 在纪念殷发掘70周年之际的反思 /</subfield>
         <subfield code="r">范小平 --</subfield>
         <subfield code="t">河北商代带铭铜器综述 /</subfield>
         <subfield code="r">刘超英, 裴淑兰 --</subfield>
         <subfield code="t">昭明之居与元氏铜器 /</subfield>
         <subfield code="r">刘 绪 --</subfield>
         <subfield code="t">浅谈商周青铜器风张与思想意识演变 /</subfield>
         <subfield code="r">张春长 --</subfield>
         <subfield code="t">南方青铜器的年代判定与文化滞后论 /</subfield>
         <subfield code="r">施劲松 --</subfield>
         <subfield code="t">再谈殷卜用甲骨的来源 /</subfield>
         <subfield code="r">宋镇豪 --</subfield>
         <subfield code="t">商周柄形玉器(玉圭)考 /</subfield>
         <subfield code="r">张 剑 --</subfield>
         <subfield code="t">西周海贝之研究 /</subfield>
         <subfield code="r">近藤乔一 --</subfield>
         <subfield code="t">论卜辞 /</subfield>
         <subfield code="r">葛英会 --</subfield>
         <subfield code="t">夏商时期河北古代文化的关系问题 /</subfield>
         <subfield code="r">郑绍宗.</subfield>
      </datafield>
      <datafield tag="880" ind1=" " ind2="4">
         <subfield code="6">651-11/</subfield>
         <subfield code="a">河北省 (China)</subfield>
         <subfield code="x">Antiquities</subfield>
         <subfield code="v">Congresses.</subfield>
      </datafield>
      <datafield tag="830" ind1=" " ind2="0">
         <subfield code="6">880-12</subfield>
         <subfield code="a">San dai wen ming yan jiu ;</subfield>
         <subfield code="v">1</subfield>
      </datafield>
      <datafield tag="880" ind1=" " ind2="0">
         <subfield code="6">830-12/</subfield>
         <subfield code="a">三代文明硏究 ；</subfield>
         <subfield code="v">1</subfield>
      </datafield>
      <datafield tag="994" ind1=" " ind2=" ">
         <subfield code="a">Z0</subfield>
         <subfield code="b">ZYU</subfield>
      </datafield>
      <datafield tag="OWN" ind1=" " ind2=" ">
         <subfield code="a">GENERAL</subfield>
      </datafield>
      <datafield tag="987" ind1=" " ind2=" ">
         <subfield code="a">PINYIN</subfield>
         <subfield code="b">DLC-R</subfield>
         <subfield code="d">c</subfield>
      </datafield>
      <datafield tag="AVA" ind1=" " ind2=" ">
         <subfield code="a">NYU50</subfield>
         <subfield code="b">NISAW</subfield>
         <subfield code="c">Small Collection</subfield>
         <subfield code="d">DS744 .S343 1999</subfield>
         <subfield code="e">available</subfield>
         <subfield code="t">Available</subfield>
         <subfield code="f">1</subfield>
         <subfield code="g">0</subfield>
         <subfield code="h">N</subfield>
         <subfield code="i">0</subfield>
         <subfield code="j">SMALL</subfield>
         <subfield code="k">0</subfield>
      </datafield>
      <marc:datafield tag="852" ind1=" " ind2=" ">
         <marc:subfield code="b">Institute for the Study of the Ancient World, </marc:subfield>
         <marc:subfield code="c">Small Collection</marc:subfield>
         <marc:subfield code="e">15 East 84th St., </marc:subfield>
         <marc:subfield code="e">New York, NY  10028</marc:subfield>
      </marc:datafield>
   </record>