
  
  
  
  
  
 
  
  <record xsi:schemaLocation="http://www.loc.gov/MARC21/slim http://www.loc.gov/standards/marcxml/schema/MARC21slim.xsd">
      <leader>00000cam  22005295a 4500</leader>
      <controlfield tag="FMT">BK</controlfield>
      <controlfield tag="LDR">00000cam  22005295a 4500</controlfield>
      <controlfield tag="001">004070990</controlfield>
      <controlfield tag="003">OCoLC</controlfield>
      <controlfield tag="005">20141121115818.0</controlfield>
      <controlfield tag="008">141120s2006    cc ab    b    100 0 chi d</controlfield>
      <datafield tag="020" ind1=" " ind2=" ">
         <subfield code="a">7030178092 (v. 4)</subfield>
      </datafield>
      <datafield tag="020" ind1=" " ind2=" ">
         <subfield code="a">9787030178091 (v. 4)</subfield>
      </datafield>
      <datafield tag="035" ind1=" " ind2=" ">
         <subfield code="a">(OCoLC)84606520</subfield>
      </datafield>
      <datafield tag="040" ind1=" " ind2=" ">
         <subfield code="a">COO</subfield>
         <subfield code="c">COO</subfield>
         <subfield code="d">OCLCF</subfield>
         <subfield code="d">ZYU</subfield>
         <subfield code="d">NNU</subfield>
      </datafield>
      <datafield tag="041" ind1="0" ind2=" ">
         <subfield code="a">chi</subfield>
         <subfield code="b">eng</subfield>
      </datafield>
      <datafield tag="043" ind1=" " ind2=" ">
         <subfield code="a">a-cc---</subfield>
      </datafield>
      <datafield tag="050" ind1=" " ind2="4">
         <subfield code="a">TN645.C5</subfield>
         <subfield code="b">Z46 2006</subfield>
      </datafield>
      <datafield tag="066" ind1=" " ind2=" ">
         <subfield code="c">$1</subfield>
      </datafield>
      <datafield tag="245" ind1="0" ind2="0">
         <subfield code="6">880-01</subfield>
         <subfield code="a">Zhongguo ye jin shi lun wen ji.</subfield>
         <subfield code="n">Di si ji /</subfield>
         <subfield code="c">Beijing ke ji da xue ye jin yu cai liao shi yan jiu suo, Beijing ke ji da xue ke xue ji shu yu wen ming yan jiu zhong xin bian.</subfield>
      </datafield>
      <datafield tag="250" ind1=" " ind2=" ">
         <subfield code="6">880-02</subfield>
         <subfield code="a">Di 1 ban.</subfield>
      </datafield>
      <datafield tag="260" ind1=" " ind2=" ">
         <subfield code="6">880-03</subfield>
         <subfield code="a">Beijing :</subfield>
         <subfield code="b">Ke xue chu ban she,</subfield>
         <subfield code="c">2006.</subfield>
      </datafield>
      <datafield tag="300" ind1=" " ind2=" ">
         <subfield code="a">500 p. :</subfield>
         <subfield code="b">ill., maps ;</subfield>
         <subfield code="c">26 cm.</subfield>
      </datafield>
      <datafield tag="490" ind1="0" ind2=" ">
         <subfield code="6">880-04</subfield>
         <subfield code="a">Zhongguo ke xue ji shu yu wen ming yan jiu cong shu</subfield>
      </datafield>
      <datafield tag="520" ind1=" " ind2=" ">
         <subfield code="6">880-05</subfield>
         <subfield code="a">Ben lun wen ji bao kuo zong shu, tong qi, kuang ye yi zhi, tie qi deng fang mian de ji shu yan jiu, dui chu tu jin shu wen wu ji ye jin yi wu jing xing jian ce yu ji shu fen xi, chan shu bing jie shi ye jin ji shu zai Zhong hua wen ming fa zhan jin cheng zhong de zhong yao zuo yong.</subfield>
      </datafield>
      <datafield tag="546" ind1=" " ind2=" ">
         <subfield code="a">Abstracts in English.</subfield>
      </datafield>
      <datafield tag="504" ind1=" " ind2=" ">
         <subfield code="a">Includes bibliographical references.</subfield>
      </datafield>
      <datafield tag="505" ind1="0" ind2="0">
         <subfield code="6">880-06</subfield>
         <subfield code="g">Qian yan zong shu lei.</subfield>
         <subfield code="t">Ye jin shi yan jiu fang fa de tan suo /</subfield>
         <subfield code="r">Sun Shuyun, Ke Jun --</subfield>
         <subfield code="t">Guang yu Zhongguo ye jin qi yuan ji qi zao qi tong qi yan jiu de ji ge wen ti /</subfield>
         <subfield code="r">Mei Jianjun --</subfield>
         <subfield code="t">Saiyima-Tubinuo xiang xiang he Zhongguo Xibei Diqu de zai qi qing tong wen hua /</subfield>
         <subfield code="r">Mei Jianjun, Gao Bangxiu --</subfield>
         <subfield code="t">Xi Liao He liu yu de zao qi ye jin ji shu /</subfield>
         <subfield code="r">Li Yanxiang, Zhu Yanping, Ji Haixin deng --</subfield>
         <subfield code="t">Kan zhan Yan wen hua qu de tong ye jin kao gu /</subfield>
         <subfield code="r">Li Yanxiang --</subfield>
         <subfield code="t">Zhongguo gu dai tong qi de xian wei zu zhi /</subfield>
         <subfield code="r">Han Rufen, Sun Shuyun, Li Xiuhui --</subfield>
         <subfield code="t">Gu dai gang tie zhi pin zhong fu tu de zu zhi chu tu yan jiu go dai tong qi ke xue yan jiu /</subfield>
         <subfield code="r">Chen Jianli, Han Fufen, Jincunfengxiong</subfield>
      </datafield>
      <datafield tag="505" ind1="0" ind2="0">
         <subfield code="6">880-07</subfield>
         <subfield code="g">Gu dia tong qi ke xue yan jiu.</subfield>
         <subfield code="t">Erlitou yi zhi chu tu tong qi yan jiu zong shu.Erlitou yi zhi chu tu tong qi yan jiu zong /</subfield>
         <subfield code="r">Liang Honggang, Sun Shuyun --</subfield>
         <subfield code="t">Huoshaogou Siba wen hua tong qi cheng fen fen xi ji zhi zuo ji shu de yan jiu /</subfield>
         <subfield code="r">Sun Shuyun, Qian Wei, Wang Hui --</subfield>
         <subfield code="t">Beijing Liuli He Yan guo mu di chu tong qi de cheng fen he jin xiang yan jiu /</subfield>
         <subfield code="r">Zhang Lijie, Sun Shuyun, Yin Weizhang --</subfield>
         <subfield code="t">Xiajiang di qu bu fen qing tong qi de cheng fen yu jin xiang yan jiu /</subfield>
         <subfield code="r">Yao Zhihui, Sun Shuyun, Zou Houxi deng --</subfield>
         <subfield code="t">Chengdu Shi bo wu yuan ji jian yuan cang qing tong bing qi de fen xi yan jiu /</subfield>
         <subfield code="r">Yao Zhihui, Sun Shuyun, Xiao Lin deng --</subfield>
         <subfield code="t">Yunnan Jinning Shizhaishan chu tu jin shu qi de fen xi he yan jiu /</subfield>
         <subfield code="r">Li Xiaoqin, Han Rufen, Jiang Zhilong --</subfield>
         <subfield code="t">Kunming Yangputou chu tu jin shu qi de chu bu yan jiu /</subfield>
         <subfield code="r">Li Xiaoqin, Han Rufen, Yang Fan --</subfield>
         <subfield code="t">Sichuan Chengdu Jinsha Cun yi zhi chu tu jin shu qi de shi yan fen xi yu yan jiu /</subfield>
         <subfield code="r">Xiao Lin, Yang Junchang, Han Rufen --</subfield>
         <subfield code="t">Nengmenggu Wumeng shang du dong da jing mu di, Cha youzhong Qi Qilang Shan mu di chu tu jin shu qi wu de jin xiang xue yan jiu /</subfield>
         <subfield code="r">Li Xiuhui --</subfield>
         <subfield code="t">Xinjiang Keliya He liu yu chu tu jin shu yi wu de ye jin xue yan jiu /</subfield>
         <subfield code="r">Beijing ke ji da xue ye jin yu cai liao shi yan jiu suo, Xinjiang wen wu kao gu yan jiu suo --</subfield>
      </datafield>
      <datafield tag="505" ind1="0" ind2="0">
         <subfield code="6">880-08</subfield>
         <subfield code="t">Xinjiang dong bu di qu chu tu zao qi tong qi de chu tu fen xi he yan jiu /</subfield>
         <subfield code="r">Mei Jianjun, Liu Guorui, Chang Enxi --</subfield>
         <subfield code="t">Xinjiang Zhunge'er Pendi zhou yuan di qu chu tu zao qi tong qi de ke xue fen xi /</subfield>
         <subfield code="r">Mei Jianjun, Pingweiliangguang, Xiabenchunzi --</subfield>
         <subfield code="t">Xinjiang chu tu tong bo de chu bu ke xue fen xi /</subfield>
         <subfield code="r">Mei Jianjun, Wang Bo, Li Xiao --</subfield>
         <subfield code="t">Xinjiang Chuwuhu mu di chu tu tong qi de chu bu ke xue fen xi /</subfield>
         <subfield code="r">Mei Jianjun, Lu Enguang, Pingweiliangguang --</subfield>
         <subfield code="t">Xinjiang Yili Diqu chu tu de yi mian dai bing tong jing de ke xue fen xi /</subfield>
         <subfield code="r">Mei Jianjun, Pingweiliangguang, Xiabenchunzi deng --</subfield>
         <subfield code="t">Xinjiang Hami ji qi lin jin di qu shi qian shi qi de tong qi de jian yan yu fen xi /</subfield>
         <subfield code="r">Qian Wei --</subfield>
         <subfield code="t">Zhongguo Xibei Diqu gu dai shen tong de yan jiu /</subfield>
         <subfield code="r">Qian Wei, Sun Shuyun --</subfield>
         <subfield code="t">Shanxi Qishan Hejia Cun chu tu tong qi de ji shu fen xi yu yan jiu /</subfield>
         <subfield code="r">Yang Junchang, Shen Qinyan, He Daxin deng --</subfield>
         <subfield code="t">Shanxi Qishan Wangjiazui xian Zhou mu M19 chu tu tong qi de shi yan yan jiu /</subfield>
         <subfield code="r">Yang Junchang, Sun Bingjun, Wang Zhankui deng</subfield>
      </datafield>
      <datafield tag="505" ind1="0" ind2="0">
         <subfield code="6">880-09</subfield>
         <subfield code="g">Gu dai kuang ye yi zhi yan jiu.</subfield>
         <subfield code="t">Xilamulun He shang you di qu 2005 nian du gu kuang ye yi zhi kao cha bao gao /</subfield>
         <subfield code="r">Li Yanxiang, Chen Jianli, Zhu Yanping --</subfield>
         <subfield code="t">Yuanqu Shang cheng chu tu han shen zha kuan yan jiu /</subfield>
         <subfield code="r">Liang Honggang, Li Yanxiang, Sun Shuyun --</subfield>
         <subfield code="t">Zhang Han gu cheng zhong xing zhu tong yi zhi chu tu lu bi han zhai jin ceng yan jiu /</subfield>
         <subfield code="r">Li Yanxiang, Cai Quanfa</subfield>
         <subfield code="t">"Zhongguo tong you di fang wu chan zhi" ji zai Shanxi chan xi ji qi yi yi /</subfield>
         <subfield code="r">Li Yanxiang --</subfield>
         <subfield code="t">Xinjiang Nulasai go tong kuang ye yi zhi de ke xue fen xi ji qi yi yi /</subfield>
         <subfield code="r">Mei Jianjun, Pingweiliangguang, Xiabenchunzi deng</subfield>
      </datafield>
      <datafield tag="505" ind1="0" ind2="0">
         <subfield code="6">880-10</subfield>
         <subfield code="g">Gu dai tie qi de ji shu yan jiu.</subfield>
         <subfield code="t">Houma Qiao Cun mu di chu tu tie qi de jian ding yu yan jiu /</subfield>
         <subfield code="r">Duan Hongmei, Han Rufen --</subfield>
         <subfield code="t">Beidong Shanxi Han Chu mu chu tu tie qi de jian ding /</subfield>
         <subfield code="r">Han Rufen, Yao Jianfang, Liu Jianhua --</subfield>
         <subfield code="t">Beipiao Lamadong mu di chu tu tie qi de jin xiang shi yan yan jiu /</subfield>
         <subfield code="r">Beijing ke ji da xue ye jin yu cai liao shi ya njiu suo, Liaoning Sheng kao gu wen wu yan jiu suo --</subfield>
         <subfield code="t">Cong tie qi de jin shu xue yan jiu kal Zhongguo gu dai Dongbei Diqu tie qi he ye tie ye de fa zhan /</subfield>
         <subfield code="r">Chen Jianli, Han Rufen, Zhai Tengnu --</subfield>
         <subfield code="t">Beijing Jinling yi zhi chu tu bu fen tie qi de jin xiang shi yan jiu jie /</subfield>
         <subfield code="r">Beijing ke ji da xue ye jin yu cai liao shi yan jiu suo, Beijing Shi wen wu yan jiu suo --</subfield>
         <subfield code="t">Chuan Shan Jin chu tu Song dai tie qian liu han liang yu yong mei lian tie yan jiu /</subfield>
         <subfield code="r">Huang Wei, Li Yanxiang, Zhou Weirong deng</subfield>
         <subfield code="g">Qi ta.</subfield>
         <subfield code="t">Xinjiang Qiuci qian bi de jin shu xue chu tu yan jiu /</subfield>
         <subfield code="r">Qian Wei, Zhang Ping, Yidilisi --</subfield>
         <subfield code="t">Xi Han shi fan zhu qian yuan yin chu tan /</subfield>
         <subfield code="r">Wang Jinhua, Li Xiuhui, Zhou Weirong --</subfield>
         <subfield code="t">Sichuan Mianyang Diqu shuan bao shan Han mu chu tu jin gong he jin shi wu de yan jiu /</subfield>
         <subfield code="r">Liang Honggang, Sun Shuyun, He Zhiguo.</subfield>
      </datafield>
      <datafield tag="650" ind1=" " ind2="0">
         <subfield code="a">Metallurgy</subfield>
         <subfield code="z">China</subfield>
         <subfield code="x">History</subfield>
         <subfield code="v">Congresses.</subfield>
      </datafield>
      <datafield tag="650" ind1=" " ind2="7">
         <subfield code="a">Metallurgy.</subfield>
         <subfield code="2">fast</subfield>
         <subfield code="0">(OCoLC)fst01018005</subfield>
      </datafield>
      <datafield tag="651" ind1=" " ind2="7">
         <subfield code="a">China.</subfield>
         <subfield code="2">fast</subfield>
         <subfield code="0">(OCoLC)fst01206073</subfield>
      </datafield>
      <datafield tag="655" ind1=" " ind2="7">
         <subfield code="a">History.</subfield>
         <subfield code="2">fast</subfield>
         <subfield code="0">(OCoLC)fst01411628</subfield>
      </datafield>
      <datafield tag="710" ind1="2" ind2=" ">
         <subfield code="6">880-11</subfield>
         <subfield code="a">Beijing ke ji da xue.</subfield>
         <subfield code="b">Ye jin yu cai liao shi yan jiu suo.</subfield>
      </datafield>
      <datafield tag="710" ind1="2" ind2=" ">
         <subfield code="6">880-12</subfield>
         <subfield code="a">Beijing ke ji da xue.</subfield>
         <subfield code="b">Ke xue ji shu yu wen ming yan jiu zhong xin.</subfield>
      </datafield>
      <datafield tag="880" ind1="0" ind2="0">
         <subfield code="6">245-01/</subfield>
         <subfield code="a">中国冶金史论文集.</subfield>
         <subfield code="n">第四辑 /</subfield>
         <subfield code="c">北京科技大学冶金与材料史研究所, 北京科技大学科学技术与文明研究中心编.</subfield>
      </datafield>
      <datafield tag="880" ind1=" " ind2=" ">
         <subfield code="6">250-02/</subfield>
         <subfield code="a">第1版.</subfield>
      </datafield>
      <datafield tag="880" ind1=" " ind2=" ">
         <subfield code="6">260-03/</subfield>
         <subfield code="a">北京 :</subfield>
         <subfield code="b">科学出版社,</subfield>
         <subfield code="c">2006.</subfield>
      </datafield>
      <datafield tag="880" ind1="0" ind2=" ">
         <subfield code="6">490-04/</subfield>
         <subfield code="a">中国科学技术与文明研究丛书</subfield>
      </datafield>
      <datafield tag="880" ind1=" " ind2=" ">
         <subfield code="6">520-05/</subfield>
         <subfield code="a">本论文集包括综述、铜器、矿冶遗址、铁器等方面的技术研究，对出土金属文物及冶金遗物进行检测与技术分析，阐述并揭示冶金技术在中华文明发展进程中的重要作用。</subfield>
      </datafield>
      <datafield tag="880" ind1="0" ind2="0">
         <subfield code="6">505-06/</subfield>
         <subfield code="g">前言综述类.</subfield>
         <subfield code="t">冶金史研究方法的探索 /</subfield>
         <subfield code="r">孙淑云柯俊 --</subfield>
         <subfield code="t">关于中国冶金起源及早期铜器研究的几个问题 /</subfield>
         <subfield code="r">梅建军 --</subfield>
         <subfield code="t">塞伊玛-图比诺现象和中国西北地区的早期青铜文化 /</subfield>
         <subfield code="r">梅建军, 高浜秀 --</subfield>
         <subfield code="t">西辽河流域的早期冶金技术 /</subfield>
         <subfield code="r">李延祥，朱延平，贾海新等 --</subfield>
         <subfield code="t">开展燕文化区的铜冶金考古 /</subfield>
         <subfield code="r">李延祥 --</subfield>
         <subfield code="t">中国古代铜器的显微组织 /</subfield>
         <subfield code="r">韩汝玢，孙淑云，李秀辉 --</subfield>
         <subfield code="t">古代钢铁制品中的浮凸组织初步研究古代铜器科学研究 /</subfield>
         <subfield code="r">陈建立，韩汝玢，今村峰雄</subfield>
      </datafield>
      <datafield tag="880" ind1="0" ind2="0">
         <subfield code="6">505-07/</subfield>
         <subfield code="g">古代铜器科学研究.</subfield>
         <subfield code="t">二里头遗址出土铜器研究综述 、</subfield>
         <subfield code="r">梁宏刚，孙淑云 --</subfield>
         <subfield code="t">火烧沟四坝文化铜器成分分析及制作技术的研究 /</subfield>
         <subfield code="r">孙淑云，潜伟，王辉 --</subfield>
         <subfield code="t">北京琉璃河燕国墓地出土铜器的成分和金相研究 /</subfield>
         <subfield code="r">张利洁，孙淑云，殷玮璋 --</subfield>
         <subfield code="t">峡江地区部分青铜器的成分与金相研究 /</subfield>
         <subfield code="r">姚智辉，孙淑云，邹后曦等 --</subfield>
         <subfield code="t">成都市博物院几件院藏青铜兵器的分析研究 /</subfield>
         <subfield code="r">姚智辉，孙淑云，肖璘等 --</subfield>
         <subfield code="t">云南晋宁石寨山出土金属器的分析和研究 /</subfield>
         <subfield code="r">李晓岑，韩汝玢，蒋志龙 --</subfield>
         <subfield code="t">昆明羊甫头出土金属器的初步研究 /</subfield>
         <subfield code="r">李晓岑，韩汝玢，杨帆 --</subfield>
         <subfield code="t">四川成都金沙村遗址出土金属器的实验分析与研究 /</subfield>
         <subfield code="r">肖璘，杨军昌，韩汝玢 --</subfield>
         <subfield code="t">内蒙古乌盟商都东大井墓地、察右中旗七郎山墓地出土金属器物的金相学研究 /</subfield>
         <subfield code="r">李秀辉 --</subfield>
         <subfield code="t">新疆克里雅河流域出土金属遗物的冶金学研究 /</subfield>
         <subfield code="r">北京科技大学冶金与材料史研究所新疆文物考古研究所 --</subfield>
      </datafield>
      <datafield tag="880" ind1="0" ind2="0">
         <subfield code="6">505-08/</subfield>
         <subfield code="t">新疆东部地区出土早期铜器的初步分析和研究 /</subfield>
         <subfield code="r">梅建军，刘国瑞，常喜恩 --</subfield>
         <subfield code="t">新疆准噶尔盆地周缘地区出土早期铜器的科学分析 /</subfield>
         <subfield code="r">梅建军，平尾良光，夏本淳子 --</subfield>
         <subfield code="t">新疆出土铜钹的初步科学分析 /</subfield>
         <subfield code="r">梅建军，王博，李肖 --</subfield>
         <subfield code="t">新疆察吾乎墓地出土铜器的初步科学分析 /</subfield>
         <subfield code="r">梅建军，吕恩国，平尾良光 --</subfield>
         <subfield code="t">新疆伊犁地区出土的一面带柄铜镜的科学分析 /</subfield>
         <subfield code="r">梅建军，平尾良光，夏本淳子等 --</subfield>
         <subfield code="t">新疆哈密及其邻近地区史前时期铜器的检验与分析 /</subfield>
         <subfield code="r">潜伟 --</subfield>
         <subfield code="t">中国西北地区古代砷铜的研究 /</subfield>
         <subfield code="r">潜伟, 孙淑云 --</subfield>
         <subfield code="t">陕西岐山贺家村出土铜器的技术分析与研究 /</subfield>
         <subfield code="r">杨军昌，申秦燕，贺达炘等 --</subfield>
         <subfield code="t">陕西岐山王家咀先周墓M19出土铜器的实验研究 /</subfield>
         <subfield code="r">杨军昌，孙秉君，王占奎等</subfield>
      </datafield>
      <datafield tag="880" ind1="0" ind2="0">
         <subfield code="6">505-09/</subfield>
         <subfield code="g">古代矿冶遗址研究.</subfield>
         <subfield code="t">西拉沐伦河上游地区2005年度古矿冶遗址考察报告 /</subfield>
         <subfield code="r">李延祥，陈建立，朱延平 --</subfield>
         <subfield code="t">垣曲商城出土含砷渣块研究 /</subfield>
         <subfield code="r">梁宏刚，李延祥，孙淑云 --</subfield>
         <subfield code="t">郑韩故城中行铸铜遗址出土炉壁含金渣层研究 /</subfield>
         <subfield code="r">李延祥，蔡全法 --</subfield>
         <subfield code="t">《中国通邮地方物产志》记载山西产锡及其意义 /</subfield>
         <subfield code="r">李延祥 --</subfield>
         <subfield code="t">新疆奴拉赛古铜矿冶遗址的科学分析及其意义 /</subfield>
         <subfield code="r">梅建军，平尾良光，夏本淳子等</subfield>
      </datafield>
      <datafield tag="880" ind1="0" ind2="0">
         <subfield code="6">505-10/</subfield>
         <subfield code="g">古代铁器的技术研究.</subfield>
         <subfield code="t">侯马乔村墓地出土铁器的鉴定与研究 /</subfield>
         <subfield code="r">段红梅，韩汝玢 --</subfield>
         <subfield code="t">北洞山西汉楚王墓出土铁器的鉴定 /</subfield>
         <subfield code="r">韩汝玢，姚建芳，刘建华 --</subfield>
         <subfield code="t">北票喇嘛洞墓地出土铁器的金相实验研究 /</subfield>
         <subfield code="r">北京科技大学冶金与材料史研究所，辽宁省文物考古研究所 --</subfield>
         <subfield code="t">从铁器的金属学研究看中国古代东北地区铁器和冶铁业的发展 /</subfield>
         <subfield code="r">陈建立，韩汝玢，斋藤努 --</subfield>
         <subfield code="t">北京金陵遗址出土部分铁器的金相实验研究 /</subfield>
         <subfield code="r">北京科技大学冶金与材料史研究所，北京市文物研究所 --</subfield>
         <subfield code="t">川陕晋出土宋代铁钱硫含量与用煤炼铁研究 /</subfield>
         <subfield code="r">黄维，李延祥，周卫荣等</subfield>
         <subfield code="g">其他.</subfield>
         <subfield code="t">新疆龟兹钱币的金属学初步研究 /</subfield>
         <subfield code="r">潜伟，张平，伊地利斯 --</subfield>
         <subfield code="t">西汉石范铸钱原因初探 /</subfield>
         <subfield code="r">王金华，李秀辉，周卫荣 --</subfield>
         <subfield code="t">四川绵阳双包山汉墓出土金汞合金实物的研究 /</subfield>
         <subfield code="r">梁宏刚，孙淑云，何治国.</subfield>
      </datafield>
      <datafield tag="880" ind1="2" ind2=" ">
         <subfield code="6">710-11/</subfield>
         <subfield code="a">北京科技大学.</subfield>
         <subfield code="p">冶金与材料史研究所.</subfield>
      </datafield>
      <datafield tag="880" ind1="2" ind2=" ">
         <subfield code="6">710-12/</subfield>
         <subfield code="a">北京科技大学.</subfield>
         <subfield code="p">科学技术与文明研究中心.</subfield>
      </datafield>
      <datafield tag="830" ind1=" " ind2="0">
         <subfield code="6">880-13</subfield>
         <subfield code="a">Zhongguo ke xue ji shu yu wen ming yan jiu cong shu.</subfield>
      </datafield>
      <datafield tag="880" ind1=" " ind2="0">
         <subfield code="6">830-13/</subfield>
         <subfield code="a">中国科学技术与文明研究丛书.</subfield>
      </datafield>
      <datafield tag="994" ind1=" " ind2=" ">
         <subfield code="a">Z0</subfield>
         <subfield code="b">ZYU</subfield>
      </datafield>
      <datafield tag="OWN" ind1=" " ind2=" ">
         <subfield code="a">GENERAL</subfield>
      </datafield>
      <datafield tag="AVA" ind1=" " ind2=" ">
         <subfield code="a">NYU50</subfield>
         <subfield code="b">NISAW</subfield>
         <subfield code="c">Small Collection</subfield>
         <subfield code="d">TN645.C5 Z46 2006</subfield>
         <subfield code="e">available</subfield>
         <subfield code="t">Available</subfield>
         <subfield code="f">1</subfield>
         <subfield code="g">0</subfield>
         <subfield code="h">N</subfield>
         <subfield code="i">0</subfield>
         <subfield code="j">SMALL</subfield>
         <subfield code="k">0</subfield>
      </datafield>
      <marc:datafield tag="852" ind1=" " ind2=" ">
         <marc:subfield code="b">Institute for the Study of the Ancient World, </marc:subfield>
         <marc:subfield code="c">Small Collection</marc:subfield>
         <marc:subfield code="e">15 East 84th St., </marc:subfield>
         <marc:subfield code="e">New York, NY  10028</marc:subfield>
      </marc:datafield>
   </record>