
  
  
  
  
  
 
  
  <record xsi:schemaLocation="http://www.loc.gov/MARC21/slim http://www.loc.gov/standards/marcxml/schema/MARC21slim.xsd">
      <leader>00000cam  2200649 a 4500</leader>
      <controlfield tag="FMT">BK</controlfield>
      <controlfield tag="LDR">00000cam  2200649 a 4500</controlfield>
      <controlfield tag="001">004013949</controlfield>
      <controlfield tag="003">OCoLC</controlfield>
      <controlfield tag="005">20141121115552.0</controlfield>
      <controlfield tag="008">140707s2006    cc af    b    000 0 chi</controlfield>
      <datafield tag="010" ind1=" " ind2=" ">
         <subfield code="a">2007351542</subfield>
      </datafield>
      <datafield tag="020" ind1=" " ind2=" ">
         <subfield code="a">7030178335</subfield>
      </datafield>
      <datafield tag="020" ind1=" " ind2=" ">
         <subfield code="a">9787030178336</subfield>
      </datafield>
      <datafield tag="035" ind1=" " ind2=" ">
         <subfield code="a">(OCoLC)123446737</subfield>
      </datafield>
      <datafield tag="040" ind1=" " ind2=" ">
         <subfield code="a">DLC-R</subfield>
         <subfield code="b">eng</subfield>
         <subfield code="c">DLC</subfield>
         <subfield code="d">OCLCF</subfield>
         <subfield code="d">NNU</subfield>
      </datafield>
      <datafield tag="043" ind1=" " ind2=" ">
         <subfield code="a">a-cc-ho</subfield>
      </datafield>
      <datafield tag="050" ind1="0" ind2="0">
         <subfield code="a">DS797.44.E75</subfield>
         <subfield code="b">Z46 2005</subfield>
      </datafield>
      <datafield tag="066" ind1=" " ind2=" ">
         <subfield code="c">$1</subfield>
      </datafield>
      <datafield tag="111" ind1="2" ind2=" ">
         <subfield code="6">880-01</subfield>
         <subfield code="a">Zhongguo Erlitou yu Erlitou wen hua guo ji xue shu yan tao hui</subfield>
         <subfield code="d">(2005 :</subfield>
         <subfield code="c">Yanshi , China)</subfield>
      </datafield>
      <datafield tag="245" ind1="1" ind2="0">
         <subfield code="6">880-02</subfield>
         <subfield code="a">Erlitou yi zhi yu Erlitou wen hua yan jiu :</subfield>
         <subfield code="b">Zhongguo Erlitou yu Erlitou wen hua guo ji xue shu yan tao hui lun wen ji /</subfield>
         <subfield code="c">Du Jinpeng, Xu Hong zhu bian.</subfield>
      </datafield>
      <datafield tag="246" ind1="3" ind2="0">
         <subfield code="6">880-03</subfield>
         <subfield code="a">Zhongguo Erlitou yu Erlitou wen hua guo ji xue shu yan tao hui lun wen ji</subfield>
      </datafield>
      <datafield tag="250" ind1=" " ind2=" ">
         <subfield code="6">880-04</subfield>
         <subfield code="a">Di 1 ban.</subfield>
      </datafield>
      <datafield tag="260" ind1=" " ind2=" ">
         <subfield code="6">880-05</subfield>
         <subfield code="a">Beijing :</subfield>
         <subfield code="b">Ke xue chu ban she,</subfield>
         <subfield code="c">2006.</subfield>
      </datafield>
      <datafield tag="300" ind1=" " ind2=" ">
         <subfield code="a">xiv, 547 p., 8 p. of plates :</subfield>
         <subfield code="b">ill. (some col.) ;</subfield>
         <subfield code="c">27 cm.</subfield>
      </datafield>
      <datafield tag="504" ind1=" " ind2=" ">
         <subfield code="a">Includes bibliographical references.</subfield>
      </datafield>
      <datafield tag="500" ind1=" " ind2=" ">
         <subfield code="6">880-06</subfield>
         <subfield code="a">"2005 Nian 10 yue 18 - 20 ri ,you Zhongguo she hui ke xue yuan kao gu yan jiu suo ,Henan Yanshi Shi ren min zheng fu zhu bian de 'Zhongguo ,Erlitou yu Erlitou wen hua guo ji xue shu yan tao hui' zai Henan Yanshi Shi zhao kai"-Preface.</subfield>
      </datafield>
      <datafield tag="505" ind1="0" ind2="0">
         <subfield code="6">880-07</subfield>
         <subfield code="t">Yanshi Erlitou yi zhi xiang guang wen ti de ji dian si kao /</subfield>
         <subfield code="r">Yang Yubing --</subfield>
         <subfield code="t">Yanshi Erlitou yi zhi jin nian kao gu fa xian de yi yi /</subfield>
         <subfield code="r">Chen Xu --</subfield>
         <subfield code="t">Erlitou yi zhi xin de kao gu fa xian yu si kao /</subfield>
         <subfield code="r">Fang Xiaolian --</subfield>
         <subfield code="t">Erlitou yi zhi xin fa xian de yi xie zhong yao yi ji de fen xi /</subfield>
         <subfield code="r">Zheng Jiexiang --</subfield>
         <subfield code="t">Erlitou kao gu xin fa xian yu Tang “Yu qian Xia she” de si kao /</subfield>
         <subfield code="r">Luo Kun --</subfield>
         <subfield code="t">Henan Yanshi Erlitou yi zhi wei Xia du zhu jun ji xiang guang wen ti tao lun /</subfield>
         <subfield code="r">Fang Yousheng --</subfield>
         <subfield code="t">Lun Erlitou yi zhi de xing zhi /</subfield>
         <subfield code="r">Zhang Guoshuo --</subfield>
         <subfield code="t">Bo yu Yanshi er yi zhi de guan xi /</subfield>
         <subfield code="r">Cheng Yifan --</subfield>
         <subfield code="t">Erlitou 1 hao gong dian ji chi shi yong nian dao chu yi /</subfield>
         <subfield code="r">Xu Hong --</subfield>
         <subfield code="t">Yanshi Erlitou yi zhi da xing jia nzhu ji zhi de li shi xue kao cha /</subfield>
         <subfield code="r">Song Zhenhao --</subfield>
         <subfield code="t">Eilitou yi zhi yu Xia wen hua /</subfield>
         <subfield code="r">Li Xiandeng --</subfield>
         <subfield code="t">Zhongguo long, Hua xia hong : shi lun Yanshi Erlitou yi zhi “Long wen su” /</subfield>
         <subfield code="r">Du Jinpeng --</subfield>
         <subfield code="t">Erlitou wen hua “Long” yi cun yan jiu /</subfield>
         <subfield code="r">Zhu Naicheng --</subfield>
         <subfield code="t">Lu song shi tu an yu Xia bu zu de tu ten chong bai /</subfield>
         <subfield code="r">Cai Yunzhang --</subfield>
         <subfield code="t">Erlitou yi zhi de long wen yu long wen hua /</subfield>
         <subfield code="r">Li Defang --</subfield>
         <subfield code="t">Lun Erlitou wen hua yu Xiajiadian xia ceng wen hua zhong de long, she /</subfield>
         <subfield code="r">Gu wen Hu Jizhong --</subfield>
         <subfield code="t">Erlitou wen hua de lu song shi zhi pin ji xiang guan wen ti de yan jiu /</subfield>
         <subfield code="r">Fang Hui --</subfield>
         <subfield code="t">Qian tan Erlitou wen hua de tong pai shi /</subfield>
         <subfield code="r">Liang Boman --</subfield>
         <subfield code="t">Guan yu Erlitou wen hua de qing tong long：cong Shan bo can yi jian qing tong can dou tan ji xiang guang wen ti /</subfield>
         <subfield code="r">Li Chaoyuan --</subfield>
         <subfield code="t">Shanghai bo wu guan cang xiang qian lu song shi shi zi wen fang yue guan cha /</subfield>
         <subfield code="r">Zhou Ya --</subfield>
         <subfield code="t">Erlitou wen hua qing tong yi qi de yan bian ji yi yi /</subfield>
         <subfield code="r">Gongbenyifu --</subfield>
         <subfield code="t">Erlitou wen hua bing qi chu lun /</subfield>
         <subfield code="r">Guo Yanli</subfield>
      </datafield>
      <datafield tag="505" ind1="0" ind2="0">
         <subfield code="6">880-08</subfield>
         <subfield code="t">Erlitou M3: she hui yi shu shi yan jiu de xin xian suo /</subfield>
         <subfield code="r">Chen Fangmei --</subfield>
         <subfield code="t">Qian yi Yudong Longshan wen hua yu Erlitou wen hua de guan xi: jian tan Yudong Diqu xian Shang wen hua tan suo de qian tu wen ti /</subfield>
         <subfield code="r">Gao Tianlin --</subfield>
         <subfield code="t">Guan yu Xinzhai qi yu Erlitou yi qi de ruo gan wen ti /</subfield>
         <subfield code="r">Zhao Chunqing --</subfield>
         <subfield code="t">Erlitou wen hua zao qi yi cun fen xi /</subfield>
         <subfield code="r">Fang Yanming --</subfield>
         <subfield code="t">Erlitou wne hua de shou he wei /</subfield>
         <subfield code="r">Zou Heng --</subfield>
         <subfield code="t">Guan yu Erlitou wen hua de nian dai wen ti /</subfield>
         <subfield code="r">Qiu Shihua, Cai Lianzhen, Zhang Xuelian --</subfield>
         <subfield code="t">Erlitou wen hua yu Xia nian gu ji /</subfield>
         <subfield code="r">Li Weiming --</subfield>
         <subfield code="t">Dui Erlitou yi zhi zui xin ce nian bao gao de xue shu si kao /</subfield>
         <subfield code="r">Jiang Yinhu --</subfield>
         <subfield code="t">Erlitou wen hua xiang Jin nan de kuo zhang /</subfield>
         <subfield code="r">Tong Weihua --</subfield>
         <subfield code="t">Erlitou wen hua zhong de nan fang yin su /</subfield>
         <subfield code="r">Song Jian --</subfield>
         <subfield code="t">Erlitou wen hua dui Shang wen ming xing cheng de ying xiang /</subfield>
         <subfield code="r">Zhang Weilian --</subfield>
         <subfield code="t">Guan yu xian Shang wen hua huo dai miao xing xing cheng yu fa zhan de ji dian ren shi /</subfield>
         <subfield code="r">Yuan Guangkuo --</subfield>
         <subfield code="t">Cong Songshan nan bei de wen hua zheng he kan Xia wang chao de chu xian /</subfield>
         <subfield code="r">Wang Lixin --</subfield>
         <subfield code="t">Xia dai zao qi du cheng yan jiu /</subfield>
         <subfield code="r">Zhang Li --</subfield>
         <subfield code="t">Erlitou Xia du hui qi nian dai kao bian /</subfield>
         <subfield code="r">Xu Zhaofeng --</subfield>
         <subfield code="t">Cong di yu jian guan xi kan Erlitou wen hua qi Zhongyuan wang chao de kong jian jie gou /</subfield>
         <subfield code="r">Xijiangqinggao, Jiucidajie --</subfield>
         <subfield code="t">Kua shi ji shi nian de Xia Shang du yi kao gu /</subfield>
         <subfield code="r">Gao Wei --</subfield>
         <subfield code="t">Zhi du ge xin yu wen hua rong he: wang chao geng ti yu kao gu wen hua bia nge guan xi de ge an fen xi, yi Erlitou he Yanshi Shang cheng yi zhi wei li /</subfield>
         <subfield code="r">Wang Xuerong --</subfield>
         <subfield code="t">Xia wang chao “Wu fu” nei zheng wai jiao yun zuo zhi du mo shi fa fei /</subfield>
         <subfield code="r">He Nu --</subfield>
         <subfield code="t">Shi lun Xian Shang zhi ji de li shi di li hui gu: yi “Ming tiao” wei li /</subfield>
         <subfield code="r">Shi Lanmei</subfield>
      </datafield>
      <datafield tag="505" ind1="0" ind2="0">
         <subfield code="6">880-09</subfield>
         <subfield code="t">Luoyang Zaojiaoshu yi zhi da duan mian yan jiu de ji dain qi shi /</subfield>
         <subfield code="r">Ye Wansong, Zheng Li --</subfield>
         <subfield code="t">Zai lun zao Shang wen hua de tui ding ji xiang guan wen ti: duan dai gong jie ti hou de fan si（yi） /</subfield>
         <subfield code="r">Yin Weizhang --</subfield>
         <subfield code="t">Wang chao cheng li de kao gu xue zheng ju（ti yao） /</subfield>
         <subfield code="r">Gangcunxiudian --</subfield>
         <subfield code="t">Guan yu Erlitou yi zhi ji Yanshi Shang cheng yu Yin Yi de guan xi（ti yao） /</subfield>
         <subfield code="r">Songwandaoxiong --</subfield>
         <subfield code="t">Cong Dashigu yi zhi de fa jue kan Erlitou si qi wen hua de xing zhi（ti yao） /</subfield>
         <subfield code="r">Wang Wenhua --</subfield>
         <subfield code="t">Erlitou yi zhi xuan fu jie guo de chu bu fen xi（ti yao） /</subfield>
         <subfield code="r">Zhao Zhijun --</subfield>
         <subfield code="t">Xia dai kao gu de shou huo yu shang dai jie jue de wen ti（ti yao） /</subfield>
         <subfield code="r">Wang Zhongfu --</subfield>
         <subfield code="t">Erlitou shi qi de jin shu wen ming ji xiang guan wen ti（ti yao） /</subfield>
         <subfield code="r">Jin Zhengyao --</subfield>
         <subfield code="t">Guan yu Zhongyuan di qu zao qi qing tong ye jin yan jiu de ji ge wen ti（ti yao） /</subfield>
         <subfield code="r">Mei Jianjun --</subfield>
         <subfield code="t">San dai wen ming jue qi de shen jing you hua guo cheng ji qi qi shi（ti yao） /</subfield>
         <subfield code="r">Song Yuqin --</subfield>
         <subfield code="t">Zhongguo yu qi su cai de kai pian san bu qu: tan Erlitou yu qi kai pian ji shu（ti yao） /</subfield>
         <subfield code="r">Deng Cong --</subfield>
         <subfield code="t">Yuanqu Shang cheng chu tu lu zh lu bi nei jin shu ke li ji kuang wu zu cheng de chu bu yan jiu（ti yao） /</subfield>
         <subfield code="r">Liang Honggang, Sun Shuyun, Li Yanxiang, Tong Weihua --</subfield>
         <subfield code="t">Cong ju zhi he jian zhu yi cun kan shi qian shi dai zhong yuan di qu de di yu jian jiao liu（ti yao） /</subfield>
         <subfield code="r">Deliudafu --</subfield>
         <subfield code="t">Guan yu zui jin de la wang shi kao gu diao cha deng de cheng guo（ti yao） /</subfield>
         <subfield code="r">Daguaojingfu --</subfield>
         <subfield code="t">Han ban dao zhong nan bu di yu qing tong wen hua de qi yuan (ti yao） /</subfield>
         <subfield code="r">Bu Chunfa.</subfield>
      </datafield>
      <datafield tag="651" ind1=" " ind2="0">
         <subfield code="a">Erlitou (China)</subfield>
         <subfield code="6">880-10</subfield>
         <subfield code="x">Antiquities</subfield>
         <subfield code="v">Congresses.</subfield>
      </datafield>
      <datafield tag="650" ind1=" " ind2="0">
         <subfield code="a">Excavations (Archaeology)</subfield>
         <subfield code="6">880-11</subfield>
         <subfield code="z">China</subfield>
         <subfield code="z">Erlitou</subfield>
         <subfield code="v">Congresses.</subfield>
      </datafield>
      <datafield tag="650" ind1=" " ind2="7">
         <subfield code="a">Antiquities.</subfield>
         <subfield code="2">fast</subfield>
         <subfield code="0">(OCoLC)fst00810745</subfield>
      </datafield>
      <datafield tag="650" ind1=" " ind2="7">
         <subfield code="a">Excavations (Archaeology)</subfield>
         <subfield code="2">fast</subfield>
         <subfield code="0">(OCoLC)fst00917564</subfield>
      </datafield>
      <datafield tag="651" ind1=" " ind2="7">
         <subfield code="a">China</subfield>
         <subfield code="z">Erlitou.</subfield>
         <subfield code="2">fast</subfield>
         <subfield code="0">(OCoLC)fst01277796</subfield>
      </datafield>
      <datafield tag="655" ind1=" " ind2="7">
         <subfield code="a">Conference proceedings.</subfield>
         <subfield code="2">fast</subfield>
         <subfield code="0">(OCoLC)fst01423772</subfield>
      </datafield>
      <datafield tag="700" ind1="1" ind2=" ">
         <subfield code="a">Du, Jinpeng</subfield>
         <subfield code="6">880-12</subfield>
      </datafield>
      <datafield tag="700" ind1="1" ind2=" ">
         <subfield code="a">Xu, Hong</subfield>
         <subfield code="6">880-13</subfield>
      </datafield>
      <datafield tag="776" ind1="0" ind2="8">
         <subfield code="i">Online version:</subfield>
         <subfield code="a">Zhongguo Erlitou yu Erlitou wen hua guo ji xue shu yan tao hui (2005 : Yanshi , China)</subfield>
         <subfield code="t">Erlitou yi zhi yu Erlitou wen hua yan jiu.</subfield>
         <subfield code="b">Di 1 ban.</subfield>
         <subfield code="d">Beijing : Ke xue chu ban she, 2006</subfield>
         <subfield code="w">(OCoLC)663712233</subfield>
      </datafield>
      <datafield tag="880" ind1="2" ind2=" ">
         <subfield code="6">111-01/</subfield>
         <subfield code="a">中国 · 二里头与二里头文化国际学术研讨会i</subfield>
         <subfield code="d">(2005 :</subfield>
         <subfield code="c">Yanshi, China)</subfield>
      </datafield>
      <datafield tag="880" ind1="1" ind2="0">
         <subfield code="6">245-02/</subfield>
         <subfield code="a">二里头遗址与二里头文化研究 :</subfield>
         <subfield code="b">中国 · 二里头与二里头文化国际学术研讨会论文集 /</subfield>
         <subfield code="c">杜金鹏, 许宏主编.</subfield>
      </datafield>
      <datafield tag="880" ind1="3" ind2="0">
         <subfield code="6">246-03/</subfield>
         <subfield code="a">中国 · 二里头与二里头文化国际学术研讨会论文集</subfield>
      </datafield>
      <datafield tag="880" ind1=" " ind2=" ">
         <subfield code="6">250-04/</subfield>
         <subfield code="a">第1版.</subfield>
      </datafield>
      <datafield tag="880" ind1=" " ind2=" ">
         <subfield code="6">260-05/</subfield>
         <subfield code="a">北京 :</subfield>
         <subfield code="b">科学出版社,</subfield>
         <subfield code="c">2006.</subfield>
      </datafield>
      <datafield tag="880" ind1=" " ind2=" ">
         <subfield code="6">500-06/</subfield>
         <subfield code="a">"2005年10月18-20日, 由中国社会科学院考古研究所、河南偃师市人民政府主办的'中国 · 二里头与二里头文化国际学术研讨会'在河南偃师市召开"-Preface.</subfield>
      </datafield>
      <datafield tag="880" ind1="0" ind2="0">
         <subfield code="6">505-07/</subfield>
         <subfield code="a">偃师二里头遗址相关问题的几点思考 /</subfield>
         <subfield code="r">杨育彬 --</subfield>
         <subfield code="t">偃师二里头遗址近年考古新发现的意义 /</subfield>
         <subfield code="r">陈旭 --</subfield>
         <subfield code="t">二里头遗址新的考古发现与思考 /</subfield>
         <subfield code="r">方孝廉 --</subfield>
         <subfield code="t">二里头遗址新发现的一些重要遗迹的分析 /</subfield>
         <subfield code="r">郑杰祥 --</subfield>
         <subfield code="t">二里头考古新发现与汤“欲迁夏社”的思考 /</subfield>
         <subfield code="r">罗琨 --</subfield>
         <subfield code="t">河南偃师二里头遗址为夏都斟郡及相关问题讨论 /</subfield>
         <subfield code="r">方酉生 --</subfield>
         <subfield code="t">论二里头遗址的性质 /</subfield>
         <subfield code="r">张国硕 --</subfield>
         <subfield code="t">亳与偃师二遗址的关系 /</subfield>
         <subfield code="r">程一凡 --</subfield>
         <subfield code="t">二里头1号宫殿基址使用年代刍议 /</subfield>
         <subfield code="r">许宏 --</subfield>
         <subfield code="t">偃师二里头遗址大型建筑基址的历史学考察 /</subfield>
         <subfield code="r">宋振豪 --</subfield>
         <subfield code="t">二里头遗址与夏文化 /</subfield>
         <subfield code="r">李先登 --</subfield>
         <subfield code="t">中国龙，华夏魂：试论偃师二里头遗址“龙文物” /</subfield>
         <subfield code="r">杜金鹏 --</subfield>
         <subfield code="t">二里头文化“龙”遗存研究 /</subfield>
         <subfield code="r">朱乃诚 --</subfield>
         <subfield code="t">绿松石龙图案与夏部族的图腾崇拜 /</subfield>
         <subfield code="r">蔡运章 --</subfield>
         <subfield code="t">二里头遗址的龙纹与龙文化 /</subfield>
         <subfield code="r">李德方 --</subfield>
         <subfield code="t">论二里头文化与夏家店下层文化中的龙、蛇 /</subfield>
         <subfield code="r">顾问胡继忠 --</subfield>
         <subfield code="t">二里头文化的绿松石制品及相关问题研究 /</subfield>
         <subfield code="r">方辉 --</subfield>
         <subfield code="t">浅谈二里头文化的铜牌饰 /</subfield>
         <subfield code="r">量博满 --</subfield>
         <subfield code="t">关于二里头文化的青铜聋：从上博藏一件青铜残斝谈及相关问题 /</subfield>
         <subfield code="r">李朝远 --</subfield>
         <subfield code="t">上海博物馆藏镶嵌绿松石十字纹方钺观察 /</subfield>
         <subfield code="r">周亚 --</subfield>
         <subfield code="t">二里头文化青铜彝器的演变及意义 /</subfield>
         <subfield code="r">宫本一夫 --</subfield>
         <subfield code="t">二里头文化兵器初论 /</subfield>
         <subfield code="r">郭妍利</subfield>
      </datafield>
      <datafield tag="880" ind1="0" ind2="0">
         <subfield code="6">505-08/</subfield>
         <subfield code="t">二里头M3: 社会艺术史研究的新线索 /</subfield>
         <subfield code="r">陈芳妹 --</subfield>
         <subfield code="t">浅议豫东龙山文化与二里头文化的关系: 兼谈豫东地区先商文化探索的前途问题 /</subfield>
         <subfield code="r">高天麟 --</subfield>
         <subfield code="t">关于新砦期与二里头一期的若干问题 /</subfield>
         <subfield code="r">赵春青 --</subfield>
         <subfield code="t">二里头文化早期遗存分析 /</subfield>
         <subfield code="r">方燕明 二里头文化的首和尾 /</subfield>
         <subfield code="r">邹衡 --</subfield>
         <subfield code="t">关于二里头文化的年代问题 /</subfield>
         <subfield code="r">仇士华, 蔡莲珍, 张雪莲 --</subfield>
         <subfield code="t">二里头文化与夏年估计 /</subfield>
         <subfield code="r">李维明 --</subfield>
         <subfield code="t">对二里头遗址最新测年报告的学术思考 /</subfield>
         <subfield code="r">姜寅虎 --</subfield>
         <subfield code="t">二里头文化向晋南的扩张 /</subfield>
         <subfield code="r">佟伟华 --</subfield>
         <subfield code="t">二里头文化中的南方因素 /</subfield>
         <subfield code="r">宋建 --</subfield>
         <subfield code="t">二里头文化对商文明形成的影响 /</subfield>
         <subfield code="r">张渭莲 --</subfield>
         <subfield code="t">关于先商文化洛达庙类型形成与发展的几点认识 /</subfield>
         <subfield code="r">袁广阔 --</subfield>
         <subfield code="t">从嵩山南北的文化整合看夏王朝的出现 /</subfield>
         <subfield code="r">王立新 --</subfield>
         <subfield code="t">夏代早期都城研究 /</subfield>
         <subfield code="r">张莉 --</subfield>
         <subfield code="t">二里头夏都毁弃年代考辨 /</subfield>
         <subfield code="r">徐昭峰 --</subfield>
         <subfield code="t">从地域间关系看二里头文化期中原王朝的空间结构 /</subfield>
         <subfield code="r">西江清高, 久慈大介 --</subfield>
         <subfield code="t">跨世纪十年的夏商都邑考古 /</subfield>
         <subfield code="r">高炜 --</subfield>
         <subfield code="t">制度革新与文化融合: 王朝更替与考古学文化变革关系的个案分析，以二里头和偃师商城遗址为例 /</subfield>
         <subfield code="r">王学荣 --</subfield>
         <subfield code="t">夏王朝“五服”内政外交运作制度模式发微 /</subfield>
         <subfield code="r">何驽 --</subfield>
         <subfield code="t">试论夏商之际的历史地理问题: 以“鸣条”为例 /</subfield>
         <subfield code="r">石兰梅</subfield>
      </datafield>
      <datafield tag="880" ind1="0" ind2="0">
         <subfield code="6">505-09/</subfield>
         <subfield code="t">洛阳皂角树遗址大断面研究的几点启示 /</subfield>
         <subfield code="r">叶万松, 郑莉 --</subfield>
         <subfield code="t">再论早商文化的推定及相关问题: 断代工程结题后的反思（一） /</subfield>
         <subfield code="r">殷玮璋 --</subfield>
         <subfield code="t">王朝成立的考古学证据（提要） /</subfield>
         <subfield code="r">冈村秀典 --</subfield>
         <subfield code="t">关于二里头遗址及偃师商城与伊尹的关系（提要） /</subfield>
         <subfield code="r">松丸道雄 --</subfield>
         <subfield code="t">从大师姑遗址的发掘看二里头四期文化的性质（提要） /</subfield>
         <subfield code="r">王文华 --</subfield>
         <subfield code="t">二里头遗址浮选结果的初步分析（提要） /</subfield>
         <subfield code="r">赵志军 --</subfield>
         <subfield code="t">夏代考古的收获与尚待解决的问题（提要） /</subfield>
         <subfield code="r">王仲孚 --</subfield>
         <subfield code="t">二里头时期的金属文明及相关问题（提要） /</subfield>
         <subfield code="r">金正耀 --</subfield>
         <subfield code="t">关于中原地区早期青铜冶金研究的几个问题（提要） /</subfield>
         <subfield code="r">梅建军 --</subfield>
         <subfield code="t">三代文明崛起的生境优化过程及其启示（提要） /</subfield>
         <subfield code="r">宋豫秦 --</subfield>
         <subfield code="t">中国玉器素材的开片三部曲: 谈二里头玉器开片技术（提要） /</subfield>
         <subfield code="r">邓聪 --</subfield>
         <subfield code="t">垣曲商城出土炉渣炉壁内金属颗粒及矿物组成的初步研究（提要） /</subfield>
         <subfield code="r">梁洪刚, 孙淑云, 李延祥, 佟伟华 --</subfield>
         <subfield code="t">从居址和建筑遗存看史前时代中原地区的地域间交流（提要） /</subfield>
         <subfield code="r">德留大辅 --</subfield>
         <subfield code="t">关于最近的拉网式考古调查等的成果（提要） /</subfield>
         <subfield code="r">大贯静夫 --</subfield>
         <subfield code="t">韩半岛中南部地域青铜文化的起源（提要） /</subfield>
         <subfield code="r">朴纯发.</subfield>
      </datafield>
      <datafield tag="880" ind1=" " ind2="4">
         <subfield code="6">651-10/</subfield>
         <subfield code="a">二里头 (China)</subfield>
         <subfield code="x">Antiquities</subfield>
         <subfield code="v">Congresses.</subfield>
      </datafield>
      <datafield tag="880" ind1=" " ind2="4">
         <subfield code="6">650-11/</subfield>
         <subfield code="a">Excavations (Archaeology)</subfield>
         <subfield code="z">China</subfield>
         <subfield code="z">二里头</subfield>
         <subfield code="v">Congresses.</subfield>
      </datafield>
      <datafield tag="880" ind1="1" ind2=" ">
         <subfield code="6">700-12/</subfield>
         <subfield code="a">杜金鹏.</subfield>
      </datafield>
      <datafield tag="880" ind1="1" ind2=" ">
         <subfield code="6">700-13/</subfield>
         <subfield code="a">许宏.</subfield>
      </datafield>
      <datafield tag="994" ind1=" " ind2=" ">
         <subfield code="a">Z0</subfield>
         <subfield code="b">ZYU</subfield>
      </datafield>
      <datafield tag="OWN" ind1=" " ind2=" ">
         <subfield code="a">GENERAL</subfield>
      </datafield>
      <datafield tag="AVA" ind1=" " ind2=" ">
         <subfield code="a">NYU50</subfield>
         <subfield code="b">NISAW</subfield>
         <subfield code="c">Small Collection</subfield>
         <subfield code="d">DS797.44.E75 Z46 2005</subfield>
         <subfield code="e">available</subfield>
         <subfield code="t">Available</subfield>
         <subfield code="f">1</subfield>
         <subfield code="g">0</subfield>
         <subfield code="h">N</subfield>
         <subfield code="i">0</subfield>
         <subfield code="j">SMALL</subfield>
         <subfield code="k">0</subfield>
      </datafield>
      <marc:datafield tag="852" ind1=" " ind2=" ">
         <marc:subfield code="b">Institute for the Study of the Ancient World, </marc:subfield>
         <marc:subfield code="c">Small Collection</marc:subfield>
         <marc:subfield code="e">15 East 84th St., </marc:subfield>
         <marc:subfield code="e">New York, NY  10028</marc:subfield>
      </marc:datafield>
   </record>