
  
  
  
  
  
  
 
  
  <record xsi:schemaLocation="http://www.loc.gov/MARC21/slim http://www.loc.gov/standards/marcxml/schema/MARC21slim.xsd">
      <leader>00000nam a22      i 4500</leader>
      <controlfield tag="FMT">BK</controlfield>
      <controlfield tag="LDR">00000nam a22      i 4500</controlfield>
      <controlfield tag="001">004071270</controlfield>
      <controlfield tag="005">20141121143322.0</controlfield>
      <controlfield tag="008">141121s2008    cc a     b    100 0 chi d</controlfield>
      <datafield tag="020" ind1=" " ind2=" ">
         <subfield code="a">9787501024544</subfield>
      </datafield>
      <datafield tag="020" ind1=" " ind2=" ">
         <subfield code="a">7501024545</subfield>
      </datafield>
      <datafield tag="040" ind1=" " ind2=" ">
         <subfield code="a">NNU</subfield>
         <subfield code="b">eng</subfield>
         <subfield code="c">NNU</subfield>
         <subfield code="e">rda</subfield>
      </datafield>
      <datafield tag="043" ind1=" " ind2=" ">
         <subfield code="a">a-cc---</subfield>
      </datafield>
      <datafield tag="050" ind1=" " ind2="4">
         <subfield code="a">DS744</subfield>
         <subfield code="b">.J4 2008</subfield>
      </datafield>
      <datafield tag="066" ind1=" " ind2=" ">
         <subfield code="c">$1</subfield>
      </datafield>
      <datafield tag="245" ind1="0" ind2="0">
         <subfield code="6">880-01</subfield>
         <subfield code="a">Ji nian Yinxu YH127 jia gu keng Nanjing shi nei fa jue 70 zhou nian lun wen ji /</subfield>
         <subfield code="c">Song Zhenhao, Tang Maosong zhu bian ; Yan Dongli, Xu Yihua fu zhu bian.</subfield>
      </datafield>
      <datafield tag="250" ind1=" " ind2=" ">
         <subfield code="6">880-02</subfield>
         <subfield code="a">Di 1 ban.</subfield>
      </datafield>
      <datafield tag="264" ind1=" " ind2="1">
         <subfield code="6">880-03</subfield>
         <subfield code="a">Beijing :</subfield>
         <subfield code="b">Wen wu chu ban she,</subfield>
         <subfield code="c">2008.</subfield>
      </datafield>
      <datafield tag="300" ind1=" " ind2=" ">
         <subfield code="a">554 pages :</subfield>
         <subfield code="b">illustrations ;</subfield>
         <subfield code="c">26 cm</subfield>
      </datafield>
      <datafield tag="336" ind1=" " ind2=" ">
         <subfield code="a">text</subfield>
         <subfield code="b">txt</subfield>
         <subfield code="2">rdacontent</subfield>
      </datafield>
      <datafield tag="337" ind1=" " ind2=" ">
         <subfield code="a">unmediated</subfield>
         <subfield code="b">n</subfield>
         <subfield code="2">rdamedia</subfield>
      </datafield>
      <datafield tag="338" ind1=" " ind2=" ">
         <subfield code="a">volume</subfield>
         <subfield code="b">nc</subfield>
         <subfield code="2">rdacarrier</subfield>
      </datafield>
      <datafield tag="505" ind1="0" ind2="0">
         <subfield code="6">880-04</subfield>
         <subfield code="t">Nanjing yu jia gu wen: ji nian Yinxu YH127 jia gu keng yun di Nanjing “shi nei fa jue” 70 zhou nian /</subfield>
         <subfield code="r">Xu Zixue --</subfield>
         <subfield code="t">Yinxu YH127 jia gu jiao cang fa xian zai jia gu xue shi shang de yi ji ji xin shi qi mian ling de ke ti /</subfield>
         <subfield code="r">Wang Yuxin --</subfield>
         <subfield code="t">YH127 keng de fa xian dui jia gu xue yan jiu de yi yi /</subfield>
         <subfield code="r">Cai Zhemao --</subfield>
         <subfield code="t">Xiaotun bei H127 keng yu Hua dong H3 keng zhi biao jiao /</subfield>
         <subfield code="r">Liu Yiman --</subfield>
         <subfield code="t">YH127 keng he Huanyuanzhuan dong jia gu /</subfield>
         <subfield code="r">Zhao Cheng --</subfield>
         <subfield code="t">Ji Zhongguo guo jia bo wu guan suo cang yu YH127 keng you guan de da gui liu ban /</subfield>
         <subfield code="r">Song Zhenhao --</subfield>
         <subfield code="t">Tan yi er qi keng jia gu yu qi ta zhu lu jia gu xiang zhui he de xian xiang /</subfield>
         <subfield code="r">Wei Cide --</subfield>
         <subfield code="t">Shi yu suo Yinxu di shi san ci fa jue jia gu zhui he xin le /</subfield>
         <subfield code="r">Lin Hongmin --</subfield>
         <subfield code="t">Li zu bu ci xin zhui xu /</subfield>
         <subfield code="r">Zhou Zhongbing --</subfield>
         <subfield code="t">Luo Zhenyu yu Huaian /</subfield>
         <subfield code="r">Luo Kun, Zhang Yongshan --</subfield>
         <subfield code="t">“Du po ta，li yong ta，da kai ta de mi mi”: Guo Moruo yan jiu jia gu wen de lu jing yu gong xian /</subfield>
         <subfield code="r">Xie Baocheng --</subfield>
         <subfield code="t">Feng jiang yi xi si qu nian: Hu Houxuan xian sheng yu Yinxu yi er qi keng jia gu /</subfield>
         <subfield code="r">Hu Zhenyu --</subfield>
         <subfield code="t">Can jia Yinxu fa jue de Taiwan xue zhe /</subfield>
         <subfield code="r">Guo Shengqiang --</subfield>
         <subfield code="t">“Shi yu suo” yu jai gu wen fa jue /</subfield>
         <subfield code="r">Chen Laiyuan --</subfield>
         <subfield code="t">Ye Yusen yu jia gu wen yan jiu /</subfield>
         <subfield code="r">Ye Zhengbo --</subfield>
         <subfield code="t">Riben ren di yi pian you guan jia gu wen de lun zuo: Lin Taifu zhu "Zhongguo gu dai shi shang de wen zi yuan liu" /</subfield>
         <subfield code="r">Chengjiachelang --</subfield>
         <subfield code="t">Jia gu wen duan dai yan jiu de hui gu yu zhan wang /</subfield>
         <subfield code="r">Liu Kefu --</subfield>
         <subfield code="t">Xia Shang Zhou duan dai gong cheng de yi yi ji qi qian jing /</subfield>
         <subfield code="r">Liu Zheng --</subfield>
         <subfield code="t">Nanjign sheng hui xian wu ci /</subfield>
         <subfield code="r">Chen Kechang --</subfield>
         <subfield code="t">Jia gu wen zhong de zhou he Shang dai de shui shang jiao tong yun shu gong ju /</subfield>
         <subfield code="r">Yang Shegnnan --</subfield>
         <subfield code="t">Shang dai de tong lu /</subfield>
         <subfield code="r">Sun Yabing</subfield>
      </datafield>
      <datafield tag="505" ind1="0" ind2="0">
         <subfield code="6">880-05</subfield>
         <subfield code="t">Lun Shang dai mao yi wen ti /</subfield>
         <subfield code="r">He Jing --</subfield>
         <subfield code="t">Jia gu wen suo jian Shang dai wan qi fen feng tu jing kao /</subfield>
         <subfield code="r">Li Xueshan --</subfield>
         <subfield code="t">Shang dai de “Wu" /</subfield>
         <subfield code="r">Yan Zhibin --</subfield>
         <subfield code="t">You Hua dong zi de huo dong lun zi de shen fen /</subfield>
         <subfield code="r">Zhu Qixiang --</subfield>
         <subfield code="t">Hua dong bu ci zhong de “Yan ji” /</subfield>
         <subfield code="r">Zhang Shichao --</subfield>
         <subfield code="t">Yin zhi xiang li she feng ji qi ta：jian shi "Tun nan" er er qi liu /</subfield>
         <subfield code="r">Xu Bohong --</subfield>
         <subfield code="t">Shang dai wang quan yu shen quan de rong he /</subfield>
         <subfield code="r">Xu Yihua --</subfield>
         <subfield code="t">Fei wang bu ci you zheng Shang dai min jian zun "Tian" wei zhi shang shen /</subfield>
         <subfield code="r">Dong Lianchi --</subfield>
         <subfield code="t">Yin Shang zhi gu /</subfield>
         <subfield code="r">Meng Xianwu --</subfield>
         <subfield code="t">Jia gu wen zhong guan yu tou, xiong, fu bing tai de ji shu /</subfield>
         <subfield code="r">Shan Jinamin --</subfield>
         <subfield code="t">Shi lun Shang qian qi Wu ren Wu xian de shen shi he ye ji /</subfield>
         <subfield code="r">Wang Wenqing --</subfield>
         <subfield code="t">San ren zhan zee cong er ren zhi yan：fu cong duo shu /</subfield>
         <subfield code="r">An Guojun --</subfield>
         <subfield code="t">Yinxu jia gu shi yi xu si /</subfield>
         <subfield code="r">Jiao Zhiqin --</subfield>
         <subfield code="t">Du "Ji Yinxu wen zi ying tie jiao ji" /</subfield>
         <subfield code="r">Luo Kun --</subfield>
         <subfield code="t">Ying zhong zi bu ci (“Wu zu bu ci”) bu ren wen ti de zai kao cha /</subfield>
         <subfield code="r">Jiang Yubin --</subfield>
         <subfield code="t">"Hen bao zhai suo cang jia gu" 238 shi du /</subfield>
         <subfield code="r">Dang Xiangkui --</subfield>
         <subfield code="t">YH127 jiagu keng da gui fu jia "He ji" 6834 pian shi jie /</subfield>
         <subfield code="r">Ma Rusen, Ma Nan --</subfield>
         <subfield code="t">Shuo jia gu wen zhong de “Zun yi” de yi yi /</subfield>
         <subfield code="r">Zhang Yujin --</subfield>
         <subfield code="t">Shi cong：jian shuo Zhouyuan jia gu wen zhong de yan ci /</subfield>
         <subfield code="r">Wang Entian --</subfield>
         <subfield code="t">Lun jia gu wen “Fang ren”、“Fang”、“Zhong” yu Zhongguo gu dai qi zhi de you lai /</subfield>
         <subfield code="r">Li Zuozhi --</subfield>
         <subfield code="t">Du jia gu wen zha ji liu ze /</subfield>
         <subfield code="r">Qin Xiaohua --</subfield>
         <subfield code="t">Jia gu wen "Yue” zi zhi zai yan jiu /</subfield>
         <subfield code="r">Wang Xiuping --</subfield>
         <subfield code="t">Liu shu zhuan zhu xin lun /</subfield>
         <subfield code="r">Ge Yinghui</subfield>
      </datafield>
      <datafield tag="505" ind1="0" ind2="0">
         <subfield code="6">880-06</subfield>
         <subfield code="t">Jia gu wen ke shi zi xing jie ti lie shuo /</subfield>
         <subfield code="r">Wang Yunzhi --</subfield>
         <subfield code="t">Dui Yin Shang jia gu wen yu Jin wen chuan cheng, yan hua zhi yan jiu /</subfield>
         <subfield code="r">Zhang zhan --</subfield>
         <subfield code="t">Yin Shang shi dai jia nwen, jia gu wen, jin wen san zhi ying gai tong shi tong xing bing cun zhi tan suo /</subfield>
         <subfield code="r">Zhang Yuzu --</subfield>
         <subfield code="t">Cong xing dao yi：20 shi ji jia gu wen shu fa shi jian jian lun /</subfield>
         <subfield code="r">Jiang Dong --</subfield>
         <subfield code="t">Lun jia gu wen shu ti de ba zhong lei xing /</subfield>
         <subfield code="r">Wang Benxing --</subfield>
         <subfield code="t">Jia gu wen shu ti shi bie yu mo xie /</subfield>
         <subfield code="r">Yang Lu'an --</subfield>
         <subfield code="t">Ru he gui fan jia gu wen shu fa /</subfield>
         <subfield code="r">Hong Jiayi --</subfield>
         <subfield code="t">Jia gu wen ci neng ru ci “bian zao” /</subfield>
         <subfield code="r">Yan Dongli --</subfield>
         <subfield code="t">“Yong xing ci”：jia gu wen shu fa tian bu que zi de xin gai nian /</subfield>
         <subfield code="r">Zhang Zhensheng --</subfield>
         <subfield code="t">Jia gu wen ru yin zhong de “yi zi duo xing” wen ti /</subfield>
         <subfield code="r">Tong Xun --</subfield>
         <subfield code="t">Qian yi jia gu wen shu fa de yan jiu yu pei xun /</subfield>
         <subfield code="r">Jia Shusheng --</subfield>
         <subfield code="t">Ke xue yu yi shu zhi jian /</subfield>
         <subfield code="r">Liu Tieping --</subfield>
         <subfield code="t">Zhong Ri Han jia gu wen shu fa zhi bi jiao /</subfield>
         <subfield code="r">Chen Aimin --</subfield>
         <subfield code="t">Ji nian Yinxu YH127 jia gu keng Nanjing shi eni fa jue 70 zhou nian guo ji xue shu yan tao hui zong jie /</subfield>
         <subfield code="r">Song Zhenhao.</subfield>
      </datafield>
      <datafield tag="504" ind1=" " ind2=" ">
         <subfield code="a">Includes bibliographical references.</subfield>
      </datafield>
      <datafield tag="650" ind1=" " ind2="0">
         <subfield code="a">Oracle bones</subfield>
         <subfield code="6">880-07</subfield>
         <subfield code="z">China</subfield>
         <subfield code="z">Yinxu (Extinct city)</subfield>
         <subfield code="v">Congresses.</subfield>
      </datafield>
      <datafield tag="650" ind1=" " ind2="0">
         <subfield code="a">Excavations (Archaeology)</subfield>
         <subfield code="6">880-08</subfield>
         <subfield code="z">China</subfield>
         <subfield code="z">Yinxu (Extinct city)</subfield>
         <subfield code="v">Congresses.</subfield>
      </datafield>
      <datafield tag="651" ind1=" " ind2="0">
         <subfield code="a">China</subfield>
         <subfield code="x">History</subfield>
         <subfield code="y">Shang dynasty, 1766-1122 B.C.</subfield>
         <subfield code="v">Congresses.</subfield>
      </datafield>
      <datafield tag="651" ind1=" " ind2="0">
         <subfield code="a">Yinxu (Extinct city)</subfield>
         <subfield code="6">880-09</subfield>
         <subfield code="x">Antiquities</subfield>
         <subfield code="v">Congresses.</subfield>
      </datafield>
      <datafield tag="700" ind1="1" ind2=" ">
         <subfield code="a">Song, Zhenhao</subfield>
         <subfield code="6">880-10</subfield>
         <subfield code="e">editor.</subfield>
      </datafield>
      <datafield tag="700" ind1="1" ind2=" ">
         <subfield code="a">Tang, Maosong</subfield>
         <subfield code="6">880-11</subfield>
         <subfield code="e">editor.</subfield>
      </datafield>
      <datafield tag="700" ind1="1" ind2=" ">
         <subfield code="6">880-12</subfield>
         <subfield code="a">Yan, Dongli,</subfield>
      </datafield>
      <datafield tag="700" ind1="1" ind2=" ">
         <subfield code="a">Xu, Yihua,</subfield>
         <subfield code="d">1972-</subfield>
         <subfield code="6">880-13</subfield>
         <subfield code="e">editor.</subfield>
      </datafield>
      <datafield tag="880" ind1="0" ind2="0">
         <subfield code="6">245-01/</subfield>
         <subfield code="a">纪念殷墟YH127甲骨坑南京室内发掘70周年论文集 /</subfield>
         <subfield code="c">宋镇豪, 唐茂松主编 ; 严东篱, 徐义华副主编.</subfield>
      </datafield>
      <datafield tag="880" ind1=" " ind2=" ">
         <subfield code="6">250-02/</subfield>
         <subfield code="a">第1版.</subfield>
      </datafield>
      <datafield tag="880" ind1=" " ind2="1">
         <subfield code="6">264-03/</subfield>
         <subfield code="a">北京 :</subfield>
         <subfield code="b">文物出版社,</subfield>
         <subfield code="c">2008.</subfield>
      </datafield>
      <datafield tag="880" ind1="0" ind2="0">
         <subfield code="6">505-04/</subfield>
         <subfield code="t">南京与甲骨文: 纪念殷墟YH127甲骨坑运抵南京“室内发掘”70周年 /</subfield>
         <subfield code="r">徐自学 --</subfield>
         <subfield code="t">殷墟YH127甲骨窖藏发现在甲骨学史上的意义及新时期面临的课题 /</subfield>
         <subfield code="r">王宇信 --</subfield>
         <subfield code="t">YH127坑的发现对甲骨学研究的意义 /</subfield>
         <subfield code="r">蔡哲茂 --</subfield>
         <subfield code="t">小屯北H127坑与花东H3坑之比较 /</subfield>
         <subfield code="r">刘一曼 --</subfield>
         <subfield code="t">YH127坑和花园庄东甲骨 /</subfield>
         <subfield code="r">赵诚 --</subfield>
         <subfield code="t">记中国国家博物馆所藏与YH127坑有关的大龟六版 /</subfield>
         <subfield code="r">宋镇豪 --</subfield>
         <subfield code="t">谈一二七坑甲骨与其它著录甲骨相缀合的现象 /</subfield>
         <subfield code="r">魏慈德 --</subfield>
         <subfield code="t">史语所殷墟第十三次发掘甲骨缀合新例 /</subfield>
         <subfield code="r">林宏明 --</subfield>
         <subfield code="t">历组卜辞新缀续 /</subfield>
         <subfield code="r">周忠兵 --</subfield>
         <subfield code="t">罗振玉与淮安 /</subfield>
         <subfield code="r">罗琨张永山 --</subfield>
         <subfield code="t">“读破它，利用它，打开它的秘密”: 郭沫若研究甲骨文的路径与贡献 /</subfield>
         <subfield code="r">谢保成 --</subfield>
         <subfield code="t">风景依稀似去年: 胡厚宣先生与殷墟一二七坑甲骨 /</subfield>
         <subfield code="r">胡振宇 --</subfield>
         <subfield code="t">参加殷墟发掘的台湾学者 /</subfield>
         <subfield code="r">郭胜强 --</subfield>
         <subfield code="t">“史语所”与甲骨文发掘 /</subfield>
         <subfield code="r">陈来源 --</subfield>
         <subfield code="t">叶玉森与甲骨文研究 /</subfield>
         <subfield code="r">叶正渤 --</subfield>
         <subfield code="t">日本人第一篇有关甲骨文的论作: 林泰辅著《中国古代史上的文字源流》/</subfield>
         <subfield code="r">成家彻郎 --</subfield>
         <subfield code="t">甲骨文断代研究的回顾与展望 /</subfield>
         <subfield code="r">刘克甫 --</subfield>
         <subfield code="t">夏商周断代工程的意义及其前景 /</subfield>
         <subfield code="r">刘正 --</subfield>
         <subfield code="t">南京盛会献芜辞 /</subfield>
         <subfield code="r">陈克长 --</subfield>
         <subfield code="t">甲骨文中的舟和商代的水上交通运输工具 /</subfield>
         <subfield code="r">杨升南 --</subfield>
         <subfield code="t">商代的铜路 /</subfield>
         <subfield code="r">孙亚冰</subfield>
      </datafield>
      <datafield tag="880" ind1="0" ind2="0">
         <subfield code="6">505-05/</subfield>
         <subfield code="t">论商代贸易问题 /</subfield>
         <subfield code="r">何靖 --</subfield>
         <subfield code="t">甲骨文所见商代晚期分封途径考 /</subfield>
         <subfield code="r">李雪山 --</subfield>
         <subfield code="t">商代的“戍” /</subfield>
         <subfield code="r">严志斌 --</subfield>
         <subfield code="t">由花东子的活动论子的身份 /</subfield>
         <subfield code="r">朱岐祥 --</subfield>
         <subfield code="t">花东卜辞中的“延祭” /</subfield>
         <subfield code="r">张世超 --</subfield>
         <subfield code="t">殷之飨礼设豐及其它：兼释《屯南》二二七六 /</subfield>
         <subfield code="r">徐伯鸿 --</subfield>
         <subfield code="t">商代王权与神权的融合 /</subfield>
         <subfield code="r">徐义华 --</subfield>
         <subfield code="t">非王卜辞有证商代民间尊“天”为至上神 /</subfield>
         <subfield code="r">董莲池 --</subfield>
         <subfield code="t">殷商制骨 /</subfield>
         <subfield code="r">孟宪武 --</subfield>
         <subfield code="t">甲骨文中关于头、胸、腹病态的记述 /</subfield>
         <subfield code="r">单建民 --</subfield>
         <subfield code="t">试论商前期吴人巫咸的身世和业绩 /</subfield>
         <subfield code="r">王文清 --</subfield>
         <subfield code="t">三人占则从二人之言：服从多数 /</subfield>
         <subfield code="r">安国钧 --</subfield>
         <subfield code="t">殷墟甲骨拾遗续四 /</subfield>
         <subfield code="r">焦智勤 --</subfield>
         <subfield code="t">读《集殷虚文字楹帖校记》 /</subfield>
         <subfield code="r">罗琨 --</subfield>
         <subfield code="t">乙种子卜辞(“午组卜辞”)卜人问题的再考察 /</subfield>
         <subfield code="r">蒋玉斌 --</subfield>
         <subfield code="t">《洹宝斋所藏甲骨》238释读 /</subfield>
         <subfield code="r">党相魁 --</subfield>
         <subfield code="t">YH127甲骨坑大龟腹甲《合集》6834片试解 /</subfield>
         <subfield code="r">马如森马囡 --</subfield>
         <subfield code="t">说甲骨金文中“尊宜”的意义 /</subfield>
         <subfield code="r">张玉金 --</subfield>
         <subfield code="t">释囟：兼说周原甲骨文中的验辞 /</subfield>
         <subfield code="r">王恩田 --</subfield>
         <subfield code="t">论甲骨文“方人”、“”、“中”与中国古代旗帜的由来 /</subfield>
         <subfield code="r">李作智 --</subfield>
         <subfield code="t">读甲骨文札记六则 /</subfield>
         <subfield code="r">秦晓华 --</subfield>
         <subfield code="t">甲骨文“乐”字之再研究 /</subfield>
         <subfield code="r">王秀萍 --</subfield>
         <subfield code="t">六书转注新论 /</subfield>
         <subfield code="r">葛英会</subfield>
      </datafield>
      <datafield tag="880" ind1="0" ind2="0">
         <subfield code="6">505-06/</subfield>
         <subfield code="t">甲骨文可释字形结体例说 /</subfield>
         <subfield code="r">王蕴智 --</subfield>
         <subfield code="t">对殷商甲骨文与金文传承、演化之研究 /</subfield>
         <subfield code="r">张展 --</subfield>
         <subfield code="t">殷商时代简文、甲骨文、金文三者应该同时通行并存之探索 /</subfield>
         <subfield code="r">章玉祖 --</subfield>
         <subfield code="t">从形到意：20世纪甲骨文书法实践谫论 /</subfield>
         <subfield code="r">姜栋 --</subfield>
         <subfield code="t">论甲骨文书体的八种类型 /</subfield>
         <subfield code="r">王本兴 --</subfield>
         <subfield code="t">甲骨文书体识别与摹写 /</subfield>
         <subfield code="r">杨鲁安 --</subfield>
         <subfield code="t">如何规范甲骨文书法 /</subfield>
         <subfield code="r">洪家义 --</subfield>
         <subfield code="t">甲骨文岂能如此“编造” /</subfield>
         <subfield code="r">严东篱 --</subfield>
         <subfield code="t">“用形字”：甲骨文书法填补缺字的新概念 /</subfield>
         <subfield code="r">张振声 --</subfield>
         <subfield code="t">甲骨文入印中的“一字多形”问题 /</subfield>
         <subfield code="r">童迅 --</subfield>
         <subfield code="t">浅议甲骨文书法的研究与培训 /</subfield>
         <subfield code="r">贾书晟 --</subfield>
         <subfield code="t">科学与艺术之间 /</subfield>
         <subfield code="r">刘铁平 --</subfield>
         <subfield code="t">中日韩新甲骨文书法之比较 /</subfield>
         <subfield code="r">陈爱民 --</subfield>
         <subfield code="t">纪念殷墟YH127甲骨坑南京室内发掘70周年国际学术研讨会总结 /</subfield>
         <subfield code="r">宋镇豪.</subfield>
      </datafield>
      <datafield tag="880" ind1=" " ind2="4">
         <subfield code="6">650-07/</subfield>
         <subfield code="a">Oracle bones</subfield>
         <subfield code="z">China</subfield>
         <subfield code="z">殷墟(Extinct city)</subfield>
         <subfield code="v">Congresses.</subfield>
      </datafield>
      <datafield tag="880" ind1=" " ind2="4">
         <subfield code="6">650-08/</subfield>
         <subfield code="a">Excavations (Archaeology)</subfield>
         <subfield code="z">China</subfield>
         <subfield code="z">殷墟 (Extinct city)</subfield>
         <subfield code="v">Congresses.</subfield>
      </datafield>
      <datafield tag="880" ind1=" " ind2="4">
         <subfield code="6">651-09/</subfield>
         <subfield code="a">殷墟 (Extinct city)</subfield>
         <subfield code="x">Antiquities</subfield>
         <subfield code="v">Congresses.</subfield>
      </datafield>
      <datafield tag="880" ind1="1" ind2=" ">
         <subfield code="6">700-10/</subfield>
         <subfield code="a">宋镇豪,</subfield>
         <subfield code="e">editor.</subfield>
      </datafield>
      <datafield tag="880" ind1="1" ind2=" ">
         <subfield code="6">700-11/</subfield>
         <subfield code="a">唐茂松,</subfield>
         <subfield code="e">editor.</subfield>
      </datafield>
      <datafield tag="880" ind1="1" ind2=" ">
         <subfield code="6">700-12/</subfield>
         <subfield code="a">严东篱</subfield>
         <subfield code="e">editor.</subfield>
      </datafield>
      <datafield tag="880" ind1="1" ind2=" ">
         <subfield code="6">700-13/</subfield>
         <subfield code="a">徐义华,</subfield>
         <subfield code="d">1972-</subfield>
         <subfield code="e">editor.</subfield>
      </datafield>
      <datafield tag="OWN" ind1=" " ind2=" ">
         <subfield code="a">GENERAL</subfield>
      </datafield>
      <datafield tag="AVA" ind1=" " ind2=" ">
         <subfield code="a">NYU50</subfield>
         <subfield code="b">NISAW</subfield>
         <subfield code="c">Small Collection</subfield>
         <subfield code="d">DS744 .J4 2008</subfield>
         <subfield code="e">available</subfield>
         <subfield code="t">Available</subfield>
         <subfield code="f">1</subfield>
         <subfield code="g">0</subfield>
         <subfield code="h">N</subfield>
         <subfield code="i">0</subfield>
         <subfield code="j">SMALL</subfield>
         <subfield code="k">0</subfield>
      </datafield>
      <marc:datafield tag="852" ind1=" " ind2=" ">
         <marc:subfield code="b">Institute for the Study of the Ancient World, </marc:subfield>
         <marc:subfield code="c">Small Collection</marc:subfield>
         <marc:subfield code="e">15 East 84th St., </marc:subfield>
         <marc:subfield code="e">New York, NY  10028</marc:subfield>
      </marc:datafield>
   </record>