
  
  
  
  
  
  
 
  
  <record xsi:schemaLocation="http://www.loc.gov/MARC21/slim http://www.loc.gov/standards/marcxml/schema/MARC21slim.xsd">
      <leader>00000cam  2200541 a 4500</leader>
      <controlfield tag="FMT">BK</controlfield>
      <controlfield tag="LDR">00000cam  2200541 a 4500</controlfield>
      <controlfield tag="001">004071298</controlfield>
      <controlfield tag="003">OCoLC</controlfield>
      <controlfield tag="005">20141124122544.0</controlfield>
      <controlfield tag="008">141121s2009    cc abf   b    100 0 chi d</controlfield>
      <datafield tag="010" ind1=" " ind2=" ">
         <subfield code="a">2010394565</subfield>
      </datafield>
      <datafield tag="020" ind1=" " ind2=" ">
         <subfield code="a">9787030262080</subfield>
      </datafield>
      <datafield tag="020" ind1=" " ind2=" ">
         <subfield code="a">7030262085</subfield>
      </datafield>
      <datafield tag="035" ind1=" " ind2=" ">
         <subfield code="a">(OCoLC)529433457</subfield>
      </datafield>
      <datafield tag="040" ind1=" " ind2=" ">
         <subfield code="a">CNPIT</subfield>
         <subfield code="b">eng</subfield>
         <subfield code="c">CNPIT</subfield>
         <subfield code="d">DLC</subfield>
         <subfield code="d">MZA</subfield>
         <subfield code="d">HUA</subfield>
         <subfield code="d">PIT</subfield>
         <subfield code="d">OCLCF</subfield>
         <subfield code="d">OCLCO</subfield>
         <subfield code="d">NNU</subfield>
      </datafield>
      <datafield tag="041" ind1="0" ind2=" ">
         <subfield code="a">chi</subfield>
         <subfield code="a">jpn</subfield>
         <subfield code="a">kor</subfield>
         <subfield code="a">mon</subfield>
         <subfield code="b">eng</subfield>
         <subfield code="f">eng</subfield>
      </datafield>
      <datafield tag="042" ind1=" " ind2=" ">
         <subfield code="a">lccopycat</subfield>
      </datafield>
      <datafield tag="043" ind1=" " ind2=" ">
         <subfield code="a">a-cc---</subfield>
      </datafield>
      <datafield tag="050" ind1="0" ind2="0">
         <subfield code="a">NK7983.A3</subfield>
         <subfield code="b">O735 2009</subfield>
      </datafield>
      <datafield tag="050" ind1=" " ind2="4">
         <subfield code="a">DS797.54.O74</subfield>
         <subfield code="b">I67 2009</subfield>
      </datafield>
      <datafield tag="066" ind1=" " ind2=" ">
         <subfield code="c">$1</subfield>
      </datafield>
      <datafield tag="111" ind1="2" ind2=" ">
         <subfield code="a">International Symposium on Ordos Bronze Wares</subfield>
         <subfield code="d">(2008 :</subfield>
         <subfield code="c">Ordos Shi, China)</subfield>
      </datafield>
      <datafield tag="245" ind1="1" ind2="0">
         <subfield code="6">880-01</subfield>
         <subfield code="a">Eerduosi qing tong qi guo ji xue shu yan tao hui lun wen ji =</subfield>
         <subfield code="b">The collection of International Symposium on Ordos Bronze wares /</subfield>
         <subfield code="c">"Eerduosi qing tong qi guo ji xue shu yan tao hui lun wen ji" bian ji zu bian.</subfield>
      </datafield>
      <datafield tag="246" ind1="3" ind2="1">
         <subfield code="a">Collection of International Symposium on Ordos Bronze wares</subfield>
      </datafield>
      <datafield tag="250" ind1=" " ind2=" ">
         <subfield code="6">880-02</subfield>
         <subfield code="a">Di 1 ban.</subfield>
      </datafield>
      <datafield tag="260" ind1=" " ind2=" ">
         <subfield code="6">880-03</subfield>
         <subfield code="a">Beijing :</subfield>
         <subfield code="b">Ke xue chu ban she,</subfield>
         <subfield code="c">2009.</subfield>
      </datafield>
      <datafield tag="300" ind1=" " ind2=" ">
         <subfield code="a">v, 766 p., [4] p., [1] folded leaf of plates :</subfield>
         <subfield code="b">ill. (some col.), maps ;</subfield>
         <subfield code="c">27 cm.</subfield>
      </datafield>
      <datafield tag="546" ind1=" " ind2=" ">
         <subfield code="a">In Chinese, with some text in English, Japanese, Korean, and Mongolian; abstracts in English.</subfield>
      </datafield>
      <datafield tag="500" ind1=" " ind2=" ">
         <subfield code="a">Parallel title also in Mongolian.</subfield>
      </datafield>
      <datafield tag="505" ind1="0" ind2="0">
         <subfield code="6">880-04</subfield>
         <subfield code="t">Zai “Eerduosi qing tong qi gui ji xue shu yan tao hui" kai mu shi shaing de he ci /</subfield>
         <subfield code="r">Chai Xiaoming --</subfield>
         <subfield code="t">Zai “Eerduosi qing tong qi gui ji xue shu yan tao hui" kai mu shi shaing de he ci /</subfield>
         <subfield code="r">Wang Zhicheng --</subfield>
         <subfield code="t">Zai “Eerduosi qing tong qi gui ji xue shu yan tao hui" kai mu shi shaing de he ci /</subfield>
         <subfield code="r">Bao Chongming --</subfield>
         <subfield code="t">Zai “Eerduosi qing tong qi gui ji xue shu yan tao hui" bi mu shi shang de zong jie jiang hua /</subfield>
         <subfield code="r">Bai Yunxiang --</subfield>
         <subfield code="t">Zai “Eerduosi qing tong qi gui ji xue shu yan tao hui" bi mu shi shang de zong jie jiang hua (zhai yao) /</subfield>
         <subfield code="r">Wang Dafang --</subfield>
         <subfield code="t">“Eerduosi qing tong qi gui ji xue shu yan tao hui” bi mu ci /</subfield>
         <subfield code="r">Zhao Xinming --</subfield>
         <subfield code="t">“Eerduosi qing tong qi gui ji xue shu yan tao hui” ji yao /</subfield>
         <subfield code="r">Yang Zemeng --</subfield>
         <subfield code="t">Du Wuenyuesitu xian sheng yi zhu "Bei fang cao yuan kaog gu xue shi hua bi jiao yan jiu: qing tong shi dai zhi zao qi Xiongnu shi qi" /</subfield>
         <subfield code="r">Wang Dafang --</subfield>
         <subfield code="t">Eerduosi qing tong qi bo wu guan guan cang Eerduosi qing tong qi zong shu /</subfield>
         <subfield code="r">Wang Zhihao --</subfield>
         <subfield code="t">Cong Donghiegou chu tu de you jiao shen shou pai shi tan qi /</subfield>
         <subfield code="r">Lin Yun --</subfield>
         <subfield code="t">Liao He liu yu “Bei fang shi qing tong qi” zai ren shi /</subfield>
         <subfield code="r">Guo Dashun --</subfield>
         <subfield code="t">Bokuchiku, nōkō minsei nao dōki kara kokka nao seidōki e</subfield>
         <subfield code="r">Okauchi Mitsuzane --</subfield>
         <subfield code="t">Tanyu kihaha muntonggyŏng e ch'urhyŏn kwa Somyŭl /</subfield>
         <subfield code="r">Li Qinggui</subfield>
      </datafield>
      <datafield tag="505" ind1="0" ind2="0">
         <subfield code="6">880-05</subfield>
         <subfield code="t">Eerduosi Diqu Chun qiu Zhan guo shi qi qing tong qi zong lun /</subfield>
         <subfield code="r">Zhu Fenghan --</subfield>
         <subfield code="t">Nei Menggu zhong nan bu di qu de qing tong qi zhi chu qi tie qi shi dai wen hua ji she hui /</subfield>
         <subfield code="r">Wu Jiangyuan --</subfield>
         <subfield code="t">Zhukaigou yi zhi cu tu de qing tong wu qi ji xiang guan wen ti /</subfield>
         <subfield code="r">Li Jianmin --</subfield>
         <subfield code="t">Zhukaigou yi zhi Shang dai yi cun ji qi Kalasuke dao he duan jian ju ti nian dai de qu ding (zhai yao) /</subfield>
         <subfield code="r">Walienuofu・Andelie --</subfield>
         <subfield code="t">Lun Eerduosi tong qi zhong de “Yun wen” shi pai /</subfield>
         <subfield code="r">Wen Xinying --</subfield>
         <subfield code="t">Eerduosi qing tong qi yong tu zhi zai ren shi /</subfield>
         <subfield code="r">Yang Zemeng --</subfield>
         <subfield code="t">Eerduosi qing tong qi de yuan yuan ji xiang guang wen ti tan tao /</subfield>
         <subfield code="r">Liu Guoxiang --</subfield>
         <subfield code="t">Maoqinggou mu di yao dai shi pin qian xi /</subfield>
         <subfield code="r">Cao Jian'en, Sun Jinsong --</subfield>
         <subfield code="t">Rong he huan shi bian qian：Maoqinggou, Yinniugou mu di zai yan jiu /</subfield>
         <subfield code="r">Wang Peng --</subfield>
         <subfield code="t">Eerduosi jin guan yuan liu kao /</subfield>
         <subfield code="r">Chen Ling --</subfield>
         <subfield code="t">Chun qiu Zhan guo shi qi Changcheng yan xian you mu min zu de di xia shi jie /</subfield>
         <subfield code="r">Han Jianye --</subfield>
         <subfield code="t">МОНГОЛ АЛТАЙН ОЛОН ГУУРИЙН ГОЛЫН МЭНХ ЦЭДГИЙН ЪУЛШНЫ СУДАЛГАА /</subfield>
         <subfield code="r">Д.Цзвзндорж --</subfield>
         <subfield code="t">Shi lun Dadianzi cai hui tao qu xian xing wen shi yu Shang dai qing tong qi long wen zhi jian de guan xi /</subfield>
         <subfield code="r">Li Xiaohong --</subfield>
         <subfield code="t">Baidi dong qian kao：cong Baidi jian li de Zhongshanguo tan qi /</subfield>
         <subfield code="r">Yang Jianhua --</subfield>
         <subfield code="t">Dai ling tong qi yan jiu (zhai yao) /</subfield>
         <subfield code="r">Yan Zhibin</subfield>
      </datafield>
      <datafield tag="505" ind1="0" ind2="0">
         <subfield code="6">880-06</subfield>
         <subfield code="t">Ti Y Zhou dong bu de Sijitai--Samaerte wen wu de duan dai /</subfield>
         <subfield code="r">Chang Anhua --</subfield>
         <subfield code="t">Birth and Development of the Karasuk Daggers /</subfield>
         <subfield code="r">Keita Matsumoto --</subfield>
         <subfield code="t">The Iocation of Loufan Tribe ill 4-2Centmnr B.C. and Influence of its Culture to the Culture of Central Plain and the South /</subfield>
         <subfield code="r">A.A. Kovalev --</subfield>
         <subfield code="t">Xinchu, Sangfang mo deng gei Xiongnu guan yin kao /</subfield>
         <subfield code="r">Qiushanjinwu --</subfield>
         <subfield code="t">Features of Aristocratic Hun．Tombs(Summary) /</subfield>
         <subfield code="r">D. Erdenebaatar --</subfield>
         <subfield code="t">Ou Ya cao yuan de fei jin shu pai shi /</subfield>
         <subfield code="r">Gao Xiubang --</subfield>
         <subfield code="t">Eerduosi shi tong dai kou yan jiu /</subfield>
         <subfield code="r">Wang Renxiang --</subfield>
         <subfield code="t">Eerduosi de Xianbei yi cun /</subfield>
         <subfield code="r">Qiao Liang --</subfield>
         <subfield code="t">Jiangjialiang xin shi qi shi dai ju min de ren lei xue lei xing /</subfield>
         <subfield code="r">Zhu Hong, Li Fajun, Li Jun --</subfield>
         <subfield code="t">Eerduosi qing tong he jin ji shu chu bu yan jiu /</subfield>
         <subfield code="r">He Tangkun, Wang Zhihao, Wang Peiqiong --</subfield>
         <subfield code="t">Eerduosi Chun Qiu Zhanguo qing tong qi ke xue fen xi /</subfield>
         <subfield code="r">He Tangkun, Yang Zemeng --</subfield>
         <subfield code="t">Beifang cao yuan qing tong wen hua yu Yunnan qing tong wen hua de xiang si yuan su /</subfield>
         <subfield code="r">Xiao Minghua --</subfield>
         <subfield code="t">Zhongguo gu dai ji hai wai wen xiang zai lu zhong de Eerduosi qing tong qi /</subfield>
         <subfield code="r">Wang Qingxian</subfield>
      </datafield>
      <datafield tag="505" ind1="0" ind2="0">
         <subfield code="6">880-07</subfield>
         <subfield code="t">Chūgoku hoppōkei seidōki bunkabo nao Dobutsu gisei to sono chiikisei /</subfield>
         <subfield code="r">Odagi Harutarō --</subfield>
         <subfield code="t">Zhongguo bei fang cai yuan di dai zao qi tie qi de chuan bo yu fa zhan /</subfield>
         <subfield code="r">Tianzhongyuzi --</subfield>
         <subfield code="t">Dong bei xi qing tong wu qi de chu bu yan jiu /</subfield>
         <subfield code="r">Cheng Jingtang --</subfield>
         <subfield code="t">Zhang guo zhi Xi Han shi qi bei fang dong wu wen shi pai yu yi yan jiu (zhai yao) /</subfield>
         <subfield code="r">Catrin --</subfield>
         <subfield code="t">Kost M.A. Хунну булшнаас илзрсзн харь гаралтай олдворууд /</subfield>
         <subfield code="r">Ч. Амармувшцн н --</subfield>
         <subfield code="t">Lun Yu huang miao wen hua /</subfield>
         <subfield code="r">Jin Fengyi --</subfield>
         <subfield code="t">Jun du shan Yu huang miao mu di qing tong xue dao yan jiu /</subfield>
         <subfield code="r">Wang Jihong --</subfield>
         <subfield code="t">Hala Han wang chao wang ling yan jiu /</subfield>
         <subfield code="r">Ai Lijiang --</subfield>
         <subfield code="t">Cong Qin di yu nei chu tu de Ou Ya cao yuan “dong wu wen” kan Qin yu “Rong Di” wen hua de guan xi /</subfield>
         <subfield code="r">Shi Dangshe --</subfield>
         <subfield code="t">Qinghai gu dai wen hua yu Neimenggu bei fang cao yuan wen hua yi shu feng ge de peng zhuang /</subfield>
         <subfield code="r">Liu Chuncheng --</subfield>
         <subfield code="t">Shi lun Xiongnu zai dong xi wen hua jiao liu zhong de gong xian /</subfield>
         <subfield code="r">Fu Ning --</subfield>
         <subfield code="t">Shi xi Ertuokeqi Feng huang shan 1 hao Han mu /</subfield>
         <subfield code="r">Zhang Haibin.</subfield>
      </datafield>
      <datafield tag="505" ind1="0" ind2="0">
         <subfield code="t">Speech of congratulations at the Opening Ceremony of the International Symposium of Ordos Bronze Wares /</subfield>
         <subfield code="r">Chai Xiaoming --</subfield>
         <subfield code="t">Speech of congratulations at the Opening Ceremony of the International Symposium of Ordos Bronze Wares /</subfield>
         <subfield code="r">Wang Zhicheng --</subfield>
         <subfield code="t">Speech at the Opening Ceremony of the International Symposium of Ordos Bronze Wares /</subfield>
         <subfield code="r">Bao Chongming --</subfield>
         <subfield code="t">Speech at the Closing Ceremony of the International Symposium of Ordos Bronze Wares /</subfield>
         <subfield code="r">Bai Yunxiang</subfield>
         <subfield code="t">Speech at the Closing Ceremony of the International Symposium of Ordos Bronze Wares /</subfield>
         <subfield code="r">Wang Dafang --</subfield>
         <subfield code="t">Speech at the Closing Ceremony of the International Symposium of Ordos Bronze Wares /</subfield>
         <subfield code="r">Zhao Xinmin --</subfield>
         <subfield code="t">Summary of the International Symposium of Ordos Bronze Wares /</subfield>
         <subfield code="r">Yang Zemeng --</subfield>
         <subfield code="t">Reading the posthumous book of Comparative Studies on Archaeological Cultures of Northern Prairie in China: from Bronze Age to Early Xiongnu Age by Wuen Yuesitu /</subfield>
         <subfield code="r">Wang Dafang --</subfield>
         <subfield code="t">On Ordos bronze wares that held in Ordos Bronze Ware Museum /</subfield>
         <subfield code="r">Wang Zhibao --</subfield>
         <subfield code="t">On Plaques with the pattern of fantastic creature wit horns /</subfield>
         <subfield code="r">Li Yun --</subfield>
         <subfield code="t">Rethinking on the "Northern Style Bronze" in the Liao River Valley /</subfield>
         <subfield code="r">Guo Dashun --</subfield>
         <subfield code="t">From herdsman's and farmer's bronze wares to the bronze wares that under the country system /</subfield>
         <subfield code="r">Okauchi Mitsuzne --</subfield>
         <subfield code="t">Appearance and vanishment of multi-button bronze mirror with geometric patterns /</subfield>
         <subfield code="r">Lee chung kyu --</subfield>
         <subfield code="t">On Ordos bronze wares in the Spring and Autumn Period and Warring States Period /</subfield>
         <subfield code="r">Zhu Fenghan --</subfield>
         <subfield code="t">Culture and society of south-central Inner Mongolia (Bronze Age to early Iron Age) /</subfield>
         <subfield code="r">Oh Kang-Won --</subfield>
         <subfield code="t">Bronze weapons unearthed from Zhukaigou and the related problems /</subfield>
         <subfield code="r">Li Jiamin --</subfield>
         <subfield code="t">Dating Zhukaigou culture form /</subfield>
         <subfield code="r">Varenov Andrey --</subfield>
         <subfield code="t">On tablets with graduated shade in Ordos bronze ware /</subfield>
         <subfield code="r">Wei Xinying --</subfield>
         <subfield code="t">On the origin of Ordos bronze wares and related problems /</subfield>
         <subfield code="r">Liu Guoxiang --</subfield>
         <subfield code="t">Probe into belt ornaments in Maoqinggou cemetery /</subfield>
         <subfield code="r">Cao Jia'en, Sun Jinsong --</subfield>
      </datafield>
      <datafield tag="505" ind1="0" ind2="0">
         <subfield code="t">Compromise or transition: re-examination of Maoqinggou and Yinniugou cemeteries /</subfield>
         <subfield code="r">Wang Peng --</subfield>
         <subfield code="t">Study on the origin of Ordos gold crown /</subfield>
         <subfield code="r">Chen Ping --</subfield>
         <subfield code="t">Underground world of the Nomadic people along the Great Wall (770-221B.C.) /</subfield>
         <subfield code="r">Han Jianye --</subfield>
         <subfield code="t">Research on the cemetery in Aolanguer River Mengechebudege of Altai, Mongolia /</subfield>
         <subfield code="r">D Tseveendorj --</subfield>
         <subfield code="t">Origin and diffusions of the bronze helmets from Upper Xiajiadian culture (12-7th century B.C.) /</subfield>
         <subfield code="r">Kang, In uk --</subfield>
         <subfield code="t">Relationship between the meanders of Dadianzi ceramics and the images of the dragon in ancient China /</subfield>
         <subfield code="r">Li Xiaohong</subfield>
         <subfield code="t">Research on the east moving of the White Di: beginning with the Zhongshan nation established by White Di /</subfield>
         <subfield code="r">Yang Jianhua --</subfield>
         <subfield code="t">Research on the bronze wares with bells /</subfield>
         <subfield code="r">Yan Zhibin --</subfield>
         <subfield code="t">On dating the Scytho-Sarmation cultural relics /</subfield>
         <subfield code="r">Chang Hua'an --</subfield>
         <subfield code="t">Birth and development of the Karasuk daggers /</subfield>
         <subfield code="r">Keita Matsumoto --</subfield>
         <subfield code="t">Location of Loufan tribe in the 4-2 century B.C. and influence of its culture to the culture of Central Plain and the south /</subfield>
         <subfield code="r">A.A. Kovalev --</subfield>
         <subfield code="t">On three newly unearthed Hun-official seals awarded by Han /</subfield>
         <subfield code="r">Akiyama Shingo --</subfield>
         <subfield code="t">Features of Aristocratic Hun-tombs /</subfield>
         <subfield code="r">D. Erdenebaatar --</subfield>
         <subfield code="t">Nonmetal plaques of Eurassian Grasslands /</subfield>
         <subfield code="r">Takahamu Shu --</subfield>
         <subfield code="t">On Ordos bronze buckles /</subfield>
         <subfield code="r">Wang Renxiang /</subfield>
         <subfield code="t">Sarbi remains in Ordos /</subfield>
         <subfield code="r">Qiao Liang /</subfield>
         <subfield code="t">Anthropology type of Jiangjialiang residents in the Neolithic period /</subfield>
         <subfield code="r">Zhu Hong, Li Fajun, Li Jun --</subfield>
         <subfield code="t">Preliminary study on bronze alloy technology in Ordos /</subfield>
         <subfield code="r">He Tangku, Wang Zhihao, Wang Peiqiong --</subfield>
         <subfield code="t">Scientific analysis on Ordos bronze ware (770-221B.C.) /</subfield>
         <subfield code="r">He Tangkun Yang Zemeng --</subfield>
      </datafield>
      <datafield tag="505" ind1="0" ind2="0">
         <subfield code="t">Similarity in bronze culture between northern prairie and Yun'nan /</subfield>
         <subfield code="r">Xiao Minghua --</subfield>
         <subfield code="t">Record on Ordos bronze wares from ancient China and abroad /</subfield>
         <subfield code="r">Wang Qingxian --</subfield>
         <subfield code="t">Animal sacrifice in Northern bronze culture /</subfield>
         <subfield code="r">Odagi Harutaro --</subfield>
         <subfield code="t">Introduction and development of Iron Ware in northern prairie in China /</subfield>
         <subfield code="r">Yuko Tanaka --</subfield>
         <subfield code="t">Primary research on the northern system bronze weapons /</subfield>
         <subfield code="r">Cheng Jingtang /</subfield>
         <subfield code="t">On the iconography of belt plaques from Warring States to Western Han dynasty in the so-called Beifang /</subfield>
         <subfield code="r">Catrin Kost M.A. --</subfield>
         <subfield code="t">On the foreign articles unearthed from Hun graves /</subfield>
         <subfield code="r">Ch. Amartuvshin --</subfield>
         <subfield code="t">On Yuhuang temple culture /</subfield>
         <subfield code="r">Wang Jihong --</subfield>
         <subfield code="t">On bronze knives from Yuhuang temple /</subfield>
         <subfield code="r">Wang Jihong --</subfield>
         <subfield code="t">Research on Karahan Kingdom Mausoleums /</subfield>
         <subfield code="r">Ai Lijiang --</subfield>
         <subfield code="t">Relationship between Qin and Rongdi cultures /</subfield>
         <subfield code="r">Shi Dangshe --</subfield>
         <subfield code="t">Art style meet of Qinghai and northern prairie of Inner Mongolia /</subfield>
         <subfield code="r">Liu Chuncheng --</subfield>
         <subfield code="t">On the Hun's contribution to East and West culture exchange /</subfield>
         <subfield code="r">Fu Ning --</subfield>
         <subfield code="t">On no.1 Han grave in Fenghuang Mountain of Etuoke Banner /</subfield>
         <subfield code="r">Zhang Haibin.</subfield>
      </datafield>
      <datafield tag="504" ind1=" " ind2=" ">
         <subfield code="a">Includes bibliographical references.</subfield>
      </datafield>
      <datafield tag="650" ind1=" " ind2="0">
         <subfield code="a">Bronzes, Ancient</subfield>
         <subfield code="z">China</subfield>
         <subfield code="z">Ordos Desert</subfield>
         <subfield code="v">Congresses.</subfield>
      </datafield>
      <datafield tag="650" ind1=" " ind2="7">
         <subfield code="a">Bronzes, Ancient.</subfield>
         <subfield code="2">fast</subfield>
         <subfield code="0">(OCoLC)fst00839554</subfield>
      </datafield>
      <datafield tag="651" ind1=" " ind2="7">
         <subfield code="a">China</subfield>
         <subfield code="z">Ordos Desert.</subfield>
         <subfield code="2">fast</subfield>
         <subfield code="0">(OCoLC)fst01243286</subfield>
      </datafield>
      <datafield tag="655" ind1=" " ind2="7">
         <subfield code="a">Conference proceedings.</subfield>
         <subfield code="2">fast</subfield>
         <subfield code="0">(OCoLC)fst01423772</subfield>
      </datafield>
      <datafield tag="710" ind1="2" ind2=" ">
         <subfield code="a">"Eerduosi qing tong qi guo ji xue shu yan tao hui lun wen ji" bian ji zu</subfield>
         <subfield code="6">880-08</subfield>
      </datafield>
      <datafield tag="880" ind1="1" ind2="0">
         <subfield code="6">245-01/</subfield>
         <subfield code="a">鄂尔多斯青铜器国际学术研讨会论文集 =</subfield>
         <subfield code="b">The collection of International Symposium on Ordos Bronze wares /</subfield>
         <subfield code="c">《鄂尔多斯青铜器国际学术研讨会论文集》编辑组编.</subfield>
      </datafield>
      <datafield tag="880" ind1=" " ind2=" ">
         <subfield code="6">250-02/</subfield>
         <subfield code="a">第1版.</subfield>
      </datafield>
      <datafield tag="880" ind1=" " ind2=" ">
         <subfield code="6">260-03/</subfield>
         <subfield code="a">北京 :</subfield>
         <subfield code="b">科学出版社,</subfield>
         <subfield code="c">2009.</subfield>
      </datafield>
      <datafield tag="880" ind1="0" ind2="0">
         <subfield code="6">505-04/</subfield>
         <subfield code="t">在“鄂尔多斯青铜器国际学术研讨会”开幕式上的贺词 /</subfield>
         <subfield code="r">柴晓明 --</subfield>
         <subfield code="t">在“鄂尔多斯青铜器国际学术研讨会”开幕式上的贺词 /</subfield>
         <subfield code="r">王志诚 --</subfield>
         <subfield code="t">在“鄂尔多斯青铜器国际学术研讨会”开幕式上的致辞 /</subfield>
         <subfield code="r">包崇明 --</subfield>
         <subfield code="t">在“鄂尔多斯青铜器国际学术研讨会”闭幕式上的总结讲话 /</subfield>
         <subfield code="r">白云翔 --</subfield>
         <subfield code="t">在“鄂尔多斯青铜器国际学术研讨会”闭幕式是的总结讲话(摘要) /</subfield>
         <subfield code="r">王大方 --</subfield>
         <subfield code="t">“鄂尔多斯青铜器国际学术研讨会”闭幕辞 /</subfield>
         <subfield code="r">赵新明 --</subfield>
         <subfield code="t">“鄂尔多斯青铜器国际学术研讨会”纪要 /</subfield>
         <subfield code="r">杨泽蒙 --</subfield>
         <subfield code="t">读乌恩岳斯图先生遗著《北方草原考古学史化比较研究: 青铜时代至早期匈奴时期》/</subfield>
         <subfield code="r">王大方 --</subfield>
         <subfield code="t">鄂尔多斯青铜器博物馆馆藏鄂尔多斯青铜器综述 /</subfield>
         <subfield code="r">王志浩 --</subfield>
         <subfield code="t">从东黑沟出土的有角神兽牌饰谈起 /</subfield>
         <subfield code="r">林沄 --</subfield>
         <subfield code="t">辽河流域“北方式青铜器”再认识 /</subfield>
         <subfield code="r">郭大顺 --</subfield>
         <subfield code="t">牧畜民, 农耕民の铜器から国家の青铜器へ /</subfield>
         <subfield code="r">冈内三真 --</subfield>
         <subfield code="t">多钮畿何学文铜镜의出现판消灭 /</subfield>
         <subfield code="r">李青圭</subfield>
      </datafield>
      <datafield tag="880" ind1="0" ind2="0">
         <subfield code="6">505-05/</subfield>
         <subfield code="t">鄂尔多斯地区春秋战国时期青铜器综论 /</subfield>
         <subfield code="r">朱凤瀚 --</subfield>
         <subfield code="t">内蒙占中南部地区的青铜器至初期铁器时代文化及其社会 /</subfield>
         <subfield code="r">吴江原 --</subfield>
         <subfield code="t">朱开沟遗址出土的青铜武器及相关问题 /</subfield>
         <subfield code="r">李健民 --</subfield>
         <subfield code="t">朱开沟遗址商代遗存及其卡拉苏克刀和短剑具体年代的确定(摘要) /</subfield>
         <subfield code="r">瓦列诺夫・安德烈 --</subfield>
         <subfield code="t">论鄂尔多斯铜器中的“云纹”饰牌 /</subfield>
         <subfield code="r">韦心莹 --</subfield>
         <subfield code="t">鄂尔多斯青铜器用途之再认识 /</subfield>
         <subfield code="r">杨泽蒙 --</subfield>
         <subfield code="t">鄂尔多斯青铜器的渊源及相关问题探讨 /</subfield>
         <subfield code="r">刘国祥 --</subfield>
         <subfield code="t">毛庆沟墓地腰带饰品浅析 /</subfield>
         <subfield code="r">曹建恩, 孙金松 --</subfield>
         <subfield code="t">融合还是变迁：毛庆沟、饮牛沟墓地再研究 /</subfield>
         <subfield code="r">王鹏 --</subfield>
         <subfield code="t">鄂尔多斯金冠源流考 /</subfield>
         <subfield code="r">陈凌 --</subfield>
         <subfield code="t">春秋战国时期长城沿线游牧民族的地下世界 /</subfield>
         <subfield code="r">韩建业 --</subfield>
         <subfield code="t">МОНГОЛ АЛТАЙН ОЛОН ГУУРИЙН ГОЛЫН МЭНХ ЦЭДГИЙН ЪУЛШНЫ СУДАЛГАА /</subfield>
         <subfield code="r">Д.Цзвзндорж --</subfield>
         <subfield code="t">试论大甸子彩绘陶器曲线形纹饰与商代青铜器龙纹之间的关系 /</subfield>
         <subfield code="r">李晓红 --</subfield>
         <subfield code="t">白狄东迁考：从白狄建立的中山国谈起 /</subfield>
         <subfield code="r">杨建华 --</subfield>
         <subfield code="t">带铃铜器研究(摘要) /</subfield>
         <subfield code="r">严志斌</subfield>
      </datafield>
      <datafield tag="880" ind1="0" ind2="0">
         <subfield code="6">505-06/</subfield>
         <subfield code="t">替亚洲东部的斯基泰一萨尔马特文物断代 /</subfield>
         <subfield code="r">常安华 --</subfield>
         <subfield code="t">Birth and Development of the Karasuk Daggers /</subfield>
         <subfield code="r">Keita Matsumoto --</subfield>
         <subfield code="t">The Iocation of Loufan Tribe ill 4-2Centmnr B.C. and Influence of its Culture to the Culture of Central Plain and the South /</subfield>
         <subfield code="r">A.A. Kovalev --</subfield>
         <subfield code="t">新出，三方漠凳给匈奴官印考 /</subfield>
         <subfield code="r">秋山近午 --</subfield>
         <subfield code="t">Features of Aristocratic Hun．Tombs(Summary) /</subfield>
         <subfield code="r">D. Erdenebaatar --</subfield>
         <subfield code="t">欧亚草原的非金属牌饰 /</subfield>
         <subfield code="r">高秀浜 --</subfield>
         <subfield code="t">鄂尔多斯式铜带扣研究 /</subfield>
         <subfield code="r">王仁湘 --</subfield>
         <subfield code="t">鄂尔多斯的鲜卑遗存 /</subfield>
         <subfield code="r">乔梁 --</subfield>
         <subfield code="t">姜家梁新石器时代居民的人类学类型 /</subfield>
         <subfield code="r">朱泓, 李法军, 李珺 --</subfield>
         <subfield code="t">鄂尔多斯青铜合金技术初步研究 /</subfield>
         <subfield code="r">何堂坤, 王志浩, 王佩琼 --</subfield>
         <subfield code="t">鄂尔多斯春秋战国青铜器科学分析 /</subfield>
         <subfield code="r">何堂坤, 杨泽蒙 --</subfield>
         <subfield code="t">北方草原青铜文化与云南青铜文化的相似元素 /</subfield>
         <subfield code="r">肖明华 --</subfield>
         <subfield code="t">中国古代及海外文献载录中的鄂尔多斯青铜器 /</subfield>
         <subfield code="r">王庆宪</subfield>
      </datafield>
      <datafield tag="880" ind1="0" ind2="0">
         <subfield code="6">505-07/</subfield>
         <subfield code="t">北方青铜器文化墓の动物犠牲とその地域性 /</subfield>
         <subfield code="r">小田木 治太郎 --</subfield>
         <subfield code="t">中国北方草原地带早期铁器的传播与发展 /</subfield>
         <subfield code="r">田中裕子 --</subfield>
         <subfield code="t">东北系青铜武器的初步研究 /</subfield>
         <subfield code="r">成璟堂 --</subfield>
         <subfield code="t">战国至西汉时期北方动物纹饰牌寓意研究(摘要) /</subfield>
         <subfield code="r">Catrin --</subfield>
         <subfield code="t">Kost M.A. Хунну булшнаас илзрсзн харь гаралтай олдворууд /</subfield>
         <subfield code="r">Ч. Амармувшцн н --</subfield>
         <subfield code="t">论玉皇庙文化 /</subfield>
         <subfield code="r">靳枫毅 --</subfield>
         <subfield code="t">军都山玉皇庙墓地青铜削刀研究 /</subfield>
         <subfield code="r">王继红 --</subfield>
         <subfield code="t">喀喇汉王朝王陵研究 /</subfield>
         <subfield code="r">艾力江 --</subfield>
         <subfield code="t">从秦地域内出土的欧亚草原“动物纹”看秦与“戎狄”文化的关系 /</subfield>
         <subfield code="r">史党社 --</subfield>
         <subfield code="t">青海古代文化与内蒙古北方草原文化艺术风格的碰撞 /</subfield>
         <subfield code="r">柳春诚 --</subfield>
         <subfield code="t">试论匈奴在东西文化交流中的贡献 /</subfield>
         <subfield code="r">傅宁 --</subfield>
         <subfield code="t">试析鄂托克旗凤凰山1号汉墓 /</subfield>
         <subfield code="r">张海斌.</subfield>
      </datafield>
      <datafield tag="880" ind1="2" ind2=" ">
         <subfield code="6">710-08/</subfield>
         <subfield code="a">《鄂尔多斯青铜器国际学术研讨会论文集》编辑组.</subfield>
      </datafield>
      <datafield tag="994" ind1=" " ind2=" ">
         <subfield code="a">Z0</subfield>
         <subfield code="b">ZYU</subfield>
      </datafield>
      <datafield tag="OWN" ind1=" " ind2=" ">
         <subfield code="a">GENERAL</subfield>
      </datafield>
      <datafield tag="AVA" ind1=" " ind2=" ">
         <subfield code="a">NYU50</subfield>
         <subfield code="b">NISAW</subfield>
         <subfield code="c">Small Collection</subfield>
         <subfield code="d">DS797.54.O74 I67 2009</subfield>
         <subfield code="e">available</subfield>
         <subfield code="t">Available</subfield>
         <subfield code="f">1</subfield>
         <subfield code="g">0</subfield>
         <subfield code="h">N</subfield>
         <subfield code="i">0</subfield>
         <subfield code="j">SMALL</subfield>
         <subfield code="k">0</subfield>
      </datafield>
      <marc:datafield tag="852" ind1=" " ind2=" ">
         <marc:subfield code="b">Institute for the Study of the Ancient World, </marc:subfield>
         <marc:subfield code="c">Small Collection</marc:subfield>
         <marc:subfield code="e">15 East 84th St., </marc:subfield>
         <marc:subfield code="e">New York, NY  10028</marc:subfield>
      </marc:datafield>
   </record>