
  
  
  
  
  
  
 
  
  <record xsi:schemaLocation="http://www.loc.gov/MARC21/slim http://www.loc.gov/standards/marcxml/schema/MARC21slim.xsd">
      <leader>00000cas a2200385 a 45M</leader>
      <controlfield tag="FMT">SE</controlfield>
      <controlfield tag="LDR">00000cas a2200385 a 45M</controlfield>
      <controlfield tag="001">002975033</controlfield>
      <controlfield tag="003">NNU</controlfield>
      <controlfield tag="005">20100716110301.0</controlfield>
      <controlfield tag="008">890426c19629999gw  x m       0   b0ger d</controlfield>
      <datafield tag="010" ind1=" " ind2=" ">
         <subfield code="a">52032123</subfield>
         <subfield code="z">sc813316</subfield>
      </datafield>
      <datafield tag="022" ind1=" " ind2=" ">
         <subfield code="a">0138-3957</subfield>
         <subfield code="y">0138-3956</subfield>
         <subfield code="z">0080-5300</subfield>
         <subfield code="2">z</subfield>
      </datafield>
      <datafield tag="035" ind1="9" ind2=" ">
         <subfield code="a">NYUb10704561</subfield>
      </datafield>
      <datafield tag="035" ind1=" " ind2=" ">
         <subfield code="a">(OCoLC)7771850</subfield>
      </datafield>
      <datafield tag="035" ind1=" " ind2=" ">
         <subfield code="a">(CStRLIN)NYUG89-S2920</subfield>
      </datafield>
      <datafield tag="035" ind1=" " ind2=" ">
         <subfield code="a">GLIS007045610</subfield>
      </datafield>
      <datafield tag="040" ind1=" " ind2=" ">
         <subfield code="a">CLU</subfield>
         <subfield code="c">CLU</subfield>
         <subfield code="d">DLC</subfield>
         <subfield code="d">AIP</subfield>
         <subfield code="d">m/c</subfield>
         <subfield code="d">DLC</subfield>
         <subfield code="d">N</subfield>
         <subfield code="d">NSDP</subfield>
         <subfield code="d">DLC</subfield>
         <subfield code="d">NST</subfield>
         <subfield code="d">DLC</subfield>
         <subfield code="d">NSD</subfield>
         <subfield code="d">NST</subfield>
         <subfield code="d">IUL</subfield>
         <subfield code="d">NNU</subfield>
      </datafield>
      <datafield tag="042" ind1=" " ind2=" ">
         <subfield code="a">lc</subfield>
         <subfield code="a">nsdp</subfield>
      </datafield>
      <datafield tag="050" ind1="0" ind2="0">
         <subfield code="a">AS182</subfield>
         <subfield code="b">.S213</subfield>
      </datafield>
      <datafield tag="090" ind1=" " ind2=" ">
         <subfield code="i">04/26/89 CT</subfield>
      </datafield>
      <datafield tag="210" ind1="0" ind2=" ">
         <subfield code="a">Sitz.ber. Sächs. Akad. Wiss. Leipz., Philol.-Hist. Kl.</subfield>
      </datafield>
      <datafield tag="222" ind1=" " ind2="0">
         <subfield code="a">Sitzungsberichte der Sächsischen Akademie der Wissenschaften zu Leipzig. Philologisch-Historische Klasse</subfield>
      </datafield>
      <datafield tag="245" ind1="0" ind2="0">
         <subfield code="a">Sitzungsberichte der Sächsischen Akademie der Wissenschaften zu Leipzig.</subfield>
         <subfield code="p">Philologisch-Historische Klasse.</subfield>
      </datafield>
      <datafield tag="260" ind1=" " ind2=" ">
         <subfield code="a">Berlin :</subfield>
         <subfield code="b">Akademie-Verlag,</subfield>
         <subfield code="c">1962-</subfield>
      </datafield>
      <datafield tag="300" ind1=" " ind2=" ">
         <subfield code="a">v. ;</subfield>
         <subfield code="c">22 cm.</subfield>
      </datafield>
      <datafield tag="310" ind1=" " ind2=" ">
         <subfield code="a">Irregular</subfield>
      </datafield>
      <datafield tag="362" ind1="0" ind2=" ">
         <subfield code="a">Bd. 107, Heft 1 (1962)-</subfield>
      </datafield>
      <datafield tag="510" ind1="2" ind2=" ">
         <subfield code="a">MLA international bibliography of books and articles on the modern languages and literatures (Complete edition)</subfield>
         <subfield code="x">0024-8215</subfield>
      </datafield>
      <datafield tag="650" ind1=" " ind2="0">
         <subfield code="a">Language and languages</subfield>
         <subfield code="v">Periodicals.</subfield>
      </datafield>
      <datafield tag="710" ind1="2" ind2=" ">
         <subfield code="a">Sächsische Akademie der Wissenschaften zu Leipzig.</subfield>
         <subfield code="b">Philologisch-Historische Klasse.</subfield>
      </datafield>
      <datafield tag="780" ind1="0" ind2="0">
         <subfield code="t">Berichte über die Verhandlungen der Sächsischen Akademie der Wissenschaften zu Leipzig. Philologisch-Historische Klasse</subfield>
         <subfield code="x">0138-5151</subfield>
         <subfield code="w">(DLC) 87642612</subfield>
         <subfield code="w">(OCoLC)7771888</subfield>
      </datafield>
      <datafield tag="866" ind1="4" ind2="1">
         <subfield code="l">Bobst</subfield>
         <subfield code="d">AS182 .S213</subfield>
         <subfield code="e">0203</subfield>
         <subfield code="f">3</subfield>
         <subfield code="g">5</subfield>
         <subfield code="j">108:5, 109:1, 109:5, 110:5-110:6, 111:1, 116:1, 117:2-117:3, 118:1, 129:1, 129:5, 131:4, 132:1, 136:3, 138:5</subfield>
         <subfield code="k">1963, 1964, 1965-1966, 1971, 1974, 1977, 1979, 1989, 1990, 1991, 1998, 2003</subfield>
         <subfield code="i">Library's holdings fully analyzed.</subfield>
      </datafield>
      <datafield tag="OWN" ind1=" " ind2=" ">
         <subfield code="a">GENERAL</subfield>
      </datafield>
      <datafield tag="903" ind1=" " ind2=" ">
         <subfield code="a">OLD</subfield>
      </datafield>
      <datafield tag="936" ind1=" " ind2=" ">
         <subfield code="a">Bd. 126, Heft 3 LIC</subfield>
      </datafield>
      <datafield tag="950" ind1=" " ind2=" ">
         <subfield code="l">BMAIN</subfield>
         <subfield code="a">AS182</subfield>
         <subfield code="b">.S213</subfield>
         <subfield code="f">Recon2</subfield>
         <subfield code="i">04/26/89 C</subfield>
      </datafield>
      <datafield tag="955" ind1=" " ind2=" ">
         <subfield code="l">BMAIN</subfield>
         <subfield code="u">Recon2</subfield>
         <subfield code="i">04/26/89 C</subfield>
      </datafield>
      <datafield tag="998" ind1=" " ind2=" ">
         <subfield code="a">04/26/89</subfield>
         <subfield code="t">c</subfield>
         <subfield code="s">9120</subfield>
         <subfield code="n">NNU</subfield>
         <subfield code="w">DCLC5232123S</subfield>
         <subfield code="d">04/26/89</subfield>
         <subfield code="c">DSF</subfield>
         <subfield code="b">DSF</subfield>
         <subfield code="i">890426</subfield>
         <subfield code="l">NYUG</subfield>
      </datafield>
      <datafield tag="AVA" ind1=" " ind2=" ">
         <subfield code="a">NYU50</subfield>
         <subfield code="b">BOBST</subfield>
         <subfield code="c">Main Collection</subfield>
         <subfield code="d">AS182 .S213</subfield>
         <subfield code="e">unavailable</subfield>
         <subfield code="t">Unavailable</subfield>
         <subfield code="f">16</subfield>
         <subfield code="g">16</subfield>
         <subfield code="h">Y</subfield>
         <subfield code="i">0</subfield>
         <subfield code="j">MAIN</subfield>
      </datafield>
      <datafield tag="AVA" ind1=" " ind2=" ">
         <subfield code="a">NYU50</subfield>
         <subfield code="b">NISAW</subfield>
         <subfield code="c">Small Collection</subfield>
         <subfield code="d">AS182 .S213</subfield>
         <subfield code="e">available</subfield>
         <subfield code="t">Available</subfield>
         <subfield code="f">1</subfield>
         <subfield code="g">0</subfield>
         <subfield code="h">Y</subfield>
         <subfield code="i">0</subfield>
         <subfield code="j">SMALL</subfield>
      </datafield>
      <marc:datafield tag="852" ind1=" " ind2=" ">
         <marc:subfield code="b">Institute for the Study of the Ancient World, </marc:subfield>
         <marc:subfield code="c">Small Collection</marc:subfield>
         <marc:subfield code="e">15 East 84th St., </marc:subfield>
         <marc:subfield code="e">New York, NY  10028</marc:subfield>
      </marc:datafield>
   </record>