
  
  
  
  
  
  
  
 
  
  <record xsi:schemaLocation="http://www.loc.gov/MARC21/slim http://www.loc.gov/standards/marcxml/schema/MARC21slim.xsd">
      <leader>00000nam a22      i 4500</leader>
      <controlfield tag="FMT">BK</controlfield>
      <controlfield tag="LDR">00000nam a22      i 4500</controlfield>
      <controlfield tag="001">004072684</controlfield>
      <controlfield tag="005">20141124160452.0</controlfield>
      <controlfield tag="008">141124s2008    cc       b    000 0 chi d</controlfield>
      <datafield tag="020" ind1=" " ind2=" ">
         <subfield code="a">9787030213631</subfield>
      </datafield>
      <datafield tag="040" ind1=" " ind2=" ">
         <subfield code="a">NNU</subfield>
         <subfield code="b">eng</subfield>
         <subfield code="c">NNU</subfield>
         <subfield code="e">rda</subfield>
      </datafield>
      <datafield tag="043" ind1=" " ind2=" ">
         <subfield code="a">a-cc---</subfield>
      </datafield>
      <datafield tag="050" ind1=" " ind2="4">
         <subfield code="a">DS748.48</subfield>
         <subfield code="b">S42 2008</subfield>
      </datafield>
      <datafield tag="066" ind1=" " ind2=" ">
         <subfield code="c">$1</subfield>
      </datafield>
      <datafield tag="100" ind1="1" ind2=" ">
         <subfield code="a">Shao, Zhengkun</subfield>
         <subfield code="6">880-01</subfield>
         <subfield code="e">author.</subfield>
      </datafield>
      <datafield tag="245" ind1="1" ind2="0">
         <subfield code="6">880-02</subfield>
         <subfield code="a">Bei chao jia ting xing tai yan jiu /</subfield>
         <subfield code="c">Shao Zhengkun zhu.</subfield>
      </datafield>
      <datafield tag="250" ind1=" " ind2=" ">
         <subfield code="6">880-03</subfield>
         <subfield code="a">Di 1 ban.</subfield>
      </datafield>
      <datafield tag="264" ind1=" " ind2="1">
         <subfield code="6">880-04</subfield>
         <subfield code="a">Beijing :</subfield>
         <subfield code="b">Ke xue chu ban she,</subfield>
         <subfield code="c">2008.</subfield>
      </datafield>
      <datafield tag="300" ind1=" " ind2=" ">
         <subfield code="a">iv, 291 pages ;</subfield>
         <subfield code="c">26 cm</subfield>
      </datafield>
      <datafield tag="336" ind1=" " ind2=" ">
         <subfield code="a">text</subfield>
         <subfield code="b">txt</subfield>
         <subfield code="2">rdacontent</subfield>
      </datafield>
      <datafield tag="337" ind1=" " ind2=" ">
         <subfield code="a">unmediated</subfield>
         <subfield code="b">n</subfield>
         <subfield code="2">rdamedia</subfield>
      </datafield>
      <datafield tag="338" ind1=" " ind2=" ">
         <subfield code="a">volume</subfield>
         <subfield code="b">nc</subfield>
         <subfield code="2">rdacarrier</subfield>
      </datafield>
      <datafield tag="500" ind1=" " ind2=" ">
         <subfield code="6">880-05</subfield>
         <subfield code="a">Gai cheng guo de dao "Jilin da xue '985' gong cheng xiang mu--Zhongguo bian jiang shi di zhe xue she hui ke xue chuang xin ji di" zi zhu.</subfield>
      </datafield>
      <datafield tag="520" ind1=" " ind2=" ">
         <subfield code="6">880-06</subfield>
         <subfield code="a">Jia ting shi she hui sheng huo de ji ben dan wei, ben wen zhu yao jie jian she hui xue shang de gai nian he li lun, dui Bei chao de jia ting jin xing le duo fang mian de kao cha. Shou xian hua fen le dang shi jia ting de ji ben lei xing, bing xi tong lun shu le ying xiang Bei chao jia ting gui mo jie gou de zhu zhong yin su. Qi ci dui jia ting cheng yuan di wei yu yi wu jin xing le chan shu, zhi chu Hu, Han jia ting cun zai de zhong zhong cha bie. Ji er tan tao le ji li zai ru yang, shou yang, guo ji den ji chu shang de yi zhi qin shu guan xi yi ji ta men zhi jian de quan li he yi wu. Zai ci ji chu shang, cong xing zheng fa he xing fa liang ge jiao gu, dui qin shu guan xi zai fa lu shang chan sheng de xiao li yu yi chan shu. Ren wei zhe zhong xiao li bu jin ji yu yi hun yin xue yuan guan xi zi ran chan sheng de qi shu, yi she ji ni zhi de xue qin, dan yi wu fu nei de fu xi zong qin wei zhu. Zui hou, cong jia qing gong neng zhuo yan, dui Bei chao shi qi ge ge jie ceng jia ting de shou zhi yu guan li, zong jiao xin yang qing kuang he jia ting jiao yu fen bie jin xing kao cha, jie shi zai bu tong jie ji, jie ceng, min zu, zhong zu zhi jian cun zai de xi wei cha bie, yi bian cong ge ge jiao du zhan shi Bei chao jia ting de zheng ti mian mao.</subfield>
      </datafield>
      <datafield tag="504" ind1=" " ind2=" ">
         <subfield code="a">Includes bibliographical references (pages [286]-291).</subfield>
      </datafield>
      <datafield tag="650" ind1=" " ind2="0">
         <subfield code="a">Families</subfield>
         <subfield code="z">China</subfield>
         <subfield code="x">History.</subfield>
      </datafield>
      <datafield tag="650" ind1=" " ind2="0">
         <subfield code="a">Kinship</subfield>
         <subfield code="z">China</subfield>
         <subfield code="x">History.</subfield>
      </datafield>
      <datafield tag="650" ind1=" " ind2="0">
         <subfield code="a">China</subfield>
         <subfield code="x">History</subfield>
         <subfield code="y">Three kingdoms-Sui dynasty, 220-618</subfield>
      </datafield>
      <datafield tag="651" ind1=" " ind2="0">
         <subfield code="a">China</subfield>
         <subfield code="x">Social conditions.</subfield>
      </datafield>
      <datafield tag="880" ind1="1" ind2=" ">
         <subfield code="6">100-01/</subfield>
         <subfield code="a">邵正坤,</subfield>
         <subfield code="e">author.</subfield>
      </datafield>
      <datafield tag="880" ind1="1" ind2="0">
         <subfield code="6">245-02/</subfield>
         <subfield code="a">北朝家庭形态研究 /</subfield>
         <subfield code="c">邵正坤著</subfield>
      </datafield>
      <datafield tag="880" ind1=" " ind2=" ">
         <subfield code="6">250-03/</subfield>
         <subfield code="a">第1版.</subfield>
      </datafield>
      <datafield tag="880" ind1=" " ind2="1">
         <subfield code="6">264-04/</subfield>
         <subfield code="a">北京</subfield>
         <subfield code="b">科学出版社</subfield>
         <subfield code="c">2008</subfield>
      </datafield>
      <datafield tag="880" ind1=" " ind2=" ">
         <subfield code="6">500-05/</subfield>
         <subfield code="a">该成果得到"吉林大学'985'工程项目--中国边疆史地哲学社会科学创新基地”资助。</subfield>
      </datafield>
      <datafield tag="880" ind1=" " ind2=" ">
         <subfield code="6">520-06/</subfield>
         <subfield code="a">家庭是社会生活的基本单位，本文主要借鉴社会学上的概念和理论，对北朝时期的家庭进行了多方面的考察。首先划分了当时家庭的基本类型，并系统论述了影响北朝家庭规模结构的诸种因素。其次对家庭成员的地位与义务进行了阐述，指出胡、汉家庭存在的种种差别。继而探讨了建立在乳养、收养、过继等基础上的拟制亲属关系以及他们之间的权利和义务。在此基础上，从行政法和刑法两个角度，对亲属关系在法律上产生的效力予以阐释。认为这种效力不仅及于依婚姻血缘关系自然产生的亲属，也涉及拟制的血亲，但以五服内的父系宗亲为主。最后，从家庭功能着眼，对北朝时期各个阶层家庭的收支与管理，宗教信仰情况和家庭教育分别进行考察，揭示在不同阶级、阶层，民族、种族之间存在的细微差别，以便从各个角度展示北朝家庭的整体面貌。</subfield>
      </datafield>
      <datafield tag="OWN" ind1=" " ind2=" ">
         <subfield code="a">GENERAL</subfield>
      </datafield>
      <datafield tag="AVA" ind1=" " ind2=" ">
         <subfield code="a">NYU50</subfield>
         <subfield code="b">NISAW</subfield>
         <subfield code="c">Small Collection</subfield>
         <subfield code="d">DS748.48 S42 2008</subfield>
         <subfield code="e">available</subfield>
         <subfield code="t">Available</subfield>
         <subfield code="f">1</subfield>
         <subfield code="g">0</subfield>
         <subfield code="h">N</subfield>
         <subfield code="i">0</subfield>
         <subfield code="j">SMALL</subfield>
         <subfield code="k">0</subfield>
      </datafield>
      <marc:datafield tag="852" ind1=" " ind2=" ">
         <marc:subfield code="b">Institute for the Study of the Ancient World, </marc:subfield>
         <marc:subfield code="c">Small Collection</marc:subfield>
         <marc:subfield code="e">15 East 84th St., </marc:subfield>
         <marc:subfield code="e">New York, NY  10028</marc:subfield>
      </marc:datafield>
   </record>