
  
  
  
  
 
  
  <record xsi:schemaLocation="http://www.loc.gov/MARC21/slim http://www.loc.gov/standards/marcxml/schema/MARC21slim.xsd">
      <leader>00000cam  2200313 i 4500</leader>
      <controlfield tag="FMT">BK</controlfield>
      <controlfield tag="LDR">00000cam  2200313 i 4500</controlfield>
      <controlfield tag="001">004072428</controlfield>
      <controlfield tag="003">OCoLC</controlfield>
      <controlfield tag="005">20141124090118.0</controlfield>
      <controlfield tag="008">141124s2014    fr abe   b    010 0 fre d</controlfield>
      <datafield tag="020" ind1=" " ind2=" ">
         <subfield code="a">9782720011948 (paperback)</subfield>
      </datafield>
      <datafield tag="020" ind1=" " ind2=" ">
         <subfield code="a">2720011940 (paperback)</subfield>
      </datafield>
      <datafield tag="035" ind1=" " ind2=" ">
         <subfield code="a">(OCoLC)885548019</subfield>
      </datafield>
      <datafield tag="040" ind1=" " ind2=" ">
         <subfield code="a">NLGGC</subfield>
         <subfield code="b">eng</subfield>
         <subfield code="e">rda</subfield>
         <subfield code="c">NLGGC</subfield>
         <subfield code="d">OCLCO</subfield>
         <subfield code="d">OCLCQ</subfield>
         <subfield code="d">NNU</subfield>
      </datafield>
      <datafield tag="041" ind1="0" ind2=" ">
         <subfield code="a">fre</subfield>
         <subfield code="a">eng</subfield>
      </datafield>
      <datafield tag="043" ind1=" " ind2=" ">
         <subfield code="a">aw-----</subfield>
      </datafield>
      <datafield tag="050" ind1=" " ind2="4">
         <subfield code="a">BS704.5</subfield>
         <subfield code="b">.E74 2014</subfield>
      </datafield>
      <datafield tag="245" ind1="0" ind2="0">
         <subfield code="a">Épigraphie, archéologie et histoire textuelle de la Bible hébraïque /</subfield>
         <subfield code="c">édité par Michael Langlois ; sous la direction de Thomas Römer.</subfield>
      </datafield>
      <datafield tag="260" ind1=" " ind2=" ">
         <subfield code="a">Paris :</subfield>
         <subfield code="b">Librairie d'Amérique et d'Orient Adrien Maisonneuve, Jean Maisonneuve, succ,</subfield>
         <subfield code="c">2014.</subfield>
      </datafield>
      <datafield tag="300" ind1=" " ind2=" ">
         <subfield code="a">412 pages :</subfield>
         <subfield code="b">illustrations, maps, plans ;</subfield>
         <subfield code="c">25 cm.</subfield>
      </datafield>
      <datafield tag="336" ind1=" " ind2=" ">
         <subfield code="b">txt</subfield>
         <subfield code="2">rdacontent</subfield>
      </datafield>
      <datafield tag="337" ind1=" " ind2=" ">
         <subfield code="b">n</subfield>
         <subfield code="2">rdamedia</subfield>
      </datafield>
      <datafield tag="338" ind1=" " ind2=" ">
         <subfield code="b">nc</subfield>
         <subfield code="2">rdacarrier</subfield>
      </datafield>
      <datafield tag="490" ind1="1" ind2=" ">
         <subfield code="a">Semitica,</subfield>
         <subfield code="x">0373-630X ;</subfield>
         <subfield code="v">56</subfield>
      </datafield>
      <datafield tag="500" ind1=" " ind2=" ">
         <subfield code="a">Contributions in English and French.</subfield>
      </datafield>
      <datafield tag="500" ind1=" " ind2=" ">
         <subfield code="a">"Le présent volume se termine par un hommage à Pierre Bordreuil..."--page [5].</subfield>
      </datafield>
      <datafield tag="504" ind1=" " ind2=" ">
         <subfield code="a">Includes bibliographical references.</subfield>
      </datafield>
      <datafield tag="505" ind1="0" ind2="0">
         <subfield code="g">Première partie. Epigraphie &amp; Archéologie.</subfield>
         <subfield code="t">Un traité d'alliance entre Larsa, Uruk et Ešnunna contre Sabium de Babylone /</subfield>
         <subfield code="r">Guichard, Michaël --</subfield>
         <subfield code="t">More Rîm-Anum texts from the bît asârî /</subfield>
         <subfield code="r">Rositani, Annunziata --</subfield>
         <subfield code="t">Refondation d'une cellule familiale à Émar /</subfield>
         <subfield code="r">Durand, Jean-Marie --</subfield>
         <subfield code="t">A concise history of Palistin / Patin / Unqi / ʻmq in the 11th-9th centuries BC /</subfield>
         <subfield code="r">Galil, Gershon --</subfield>
         <subfield code="t">The archaeology of Tell el-Kheleifeh and the history of Ezion-geber/Elath /</subfield>
         <subfield code="r">Finkelstein, Israel --</subfield>
         <subfield code="t">L'inscription du pithos de l'Ophel à Jérusalem /</subfield>
         <subfield code="r">Hamidović, David --</subfield>
         <subfield code="t">Les pronoms suffixes cataphoriques en phénicien et les statues d'enfants au sanctuaire du dieu Echmoun de Sidon (Bostan ech-Cheikh) /</subfield>
         <subfield code="r">Jenni, Hanna --</subfield>
         <subfield code="t">Une deuxième stèle funéraire d'un roi de Maʻîn /</subfield>
         <subfield code="r">Bron, Francois --</subfield>
         <subfield code="t">L'inscription araméenne de Çivril : Note épigraphique préliminaire /</subfield>
         <subfield code="r">Lemaire, André --</subfield>
         <subfield code="t">Épigraphie nabatéenne : Une relecture de l'inscription CIS II 354, de la "chapelle d'Obodas", à an-Nmayr, Pétra /</subfield>
         <subfield code="r">Roche, Marie-Jeanne --</subfield>
         <subfield code="t">Une inscription palmyrénienne sur un buste funéraire récemment acquis à Bâle (Suisse) /</subfield>
         <subfield code="r">Jenni, Hanna --</subfield>
         <subfield code="t">An inscribed Palmyrene high relief with two busts /</subfield>
         <subfield code="r">Lemaire, André --</subfield>
         <subfield code="t">4Q481d Frg. 3 : A New Fragment of 4QApocryphon of Jeremiah Cb (4Q387) / Davis, Kipp.</subfield>
      </datafield>
      <datafield tag="505" ind1="0" ind2="0">
         <subfield code="9"/>
         <subfield code="g">Deuxième partie.</subfield>
         <subfield code="t">Histoire textuelle de la bible hébraïque.</subfield>
         <subfield code="t">The aleged Judahite king list : its historical setting and possible date /</subfield>
         <subfield code="r">Sergi, Omer --</subfield>
         <subfield code="t">The portrayal of Judean communities in Persian Era Palestine through the lens of the Covenant Code /</subfield>
         <subfield code="r">Ro, Johannes Unsok --</subfield>
         <subfield code="t">Divination : relics in the Deuteronomistic history and the birth or the end of Mosaic prophecy /</subfield>
         <subfield code="r">Anthonioz, Stéphanie --</subfield>
         <subfield code="t">Interventions présumées des scribes concernant le motif de l'arbre sacré dans le Pentateuque /</subfield>
         <subfield code="r">Hutzli, Jürg --</subfield>
         <subfield code="t">Lectio difficilior potior ? Zacharie 11,7a.11b dans le texte massorétique et la Septante /</subfield>
         <subfield code="r">Gonzalez, Hervé – Rückl, Jan --</subfield>
         <subfield code="t">Inside the canon and out : the relationship between Psalm 20 and Papyrus Amherst 63 /</subfield>
         <subfield code="r">Heckl, Raik --</subfield>
         <subfield code="t">Les représentations de la création dans le Psautier et en Genèse : continuité ou discontinuité ? /</subfield>
         <subfield code="r">Ramond, Sophie --</subfield>
         <subfield code="t">Pierre Bordreuil 1937-2013 /</subfield>
         <subfield code="r">Israel, Felice.</subfield>
      </datafield>
      <datafield tag="630" ind1="0" ind2="0">
         <subfield code="a">Bible.</subfield>
         <subfield code="p">Old Testament</subfield>
         <subfield code="x">Criticism, Textual.</subfield>
      </datafield>
      <datafield tag="630" ind1="0" ind2="0">
         <subfield code="a">Bible.</subfield>
         <subfield code="p">Old Testament.</subfield>
         <subfield code="x">Antiquities.</subfield>
      </datafield>
      <datafield tag="650" ind1=" " ind2="0">
         <subfield code="a">Inscriptions</subfield>
         <subfield code="z">Middle East.</subfield>
      </datafield>
      <datafield tag="700" ind1="1" ind2=" ">
         <subfield code="a">Langlois, Michaël,</subfield>
         <subfield code="d">1976-</subfield>
         <subfield code="e">editor of compilation.</subfield>
         <subfield code="4">edt</subfield>
      </datafield>
      <datafield tag="700" ind1="1" ind2=" ">
         <subfield code="a">Römer, Thomas</subfield>
         <subfield code="q">(Thomas Christian),</subfield>
         <subfield code="d">1955-</subfield>
         <subfield code="e">publishing director.</subfield>
      </datafield>
      <datafield tag="700" ind1="1" ind2=" ">
         <subfield code="a">Bordreuil, Pierre</subfield>
         <subfield code="e">honoree.</subfield>
      </datafield>
      <datafield tag="830" ind1=" " ind2="0">
         <subfield code="a">Semitica ;</subfield>
         <subfield code="v">56.</subfield>
      </datafield>
      <datafield tag="994" ind1=" " ind2=" ">
         <subfield code="a">Z0</subfield>
         <subfield code="b">ZYU</subfield>
      </datafield>
      <datafield tag="OWN" ind1=" " ind2=" ">
         <subfield code="a">GENERAL</subfield>
      </datafield>
      <datafield tag="AVA" ind1=" " ind2=" ">
         <subfield code="a">NYU50</subfield>
         <subfield code="b">NISAW</subfield>
         <subfield code="c">Small Collection</subfield>
         <subfield code="d">BS704.5 .E74 2014</subfield>
         <subfield code="e">available</subfield>
         <subfield code="t">Available</subfield>
         <subfield code="f">1</subfield>
         <subfield code="g">0</subfield>
         <subfield code="h">N</subfield>
         <subfield code="i">0</subfield>
         <subfield code="j">SMALL</subfield>
         <subfield code="k">0</subfield>
      </datafield>
      <marc:datafield tag="852" ind1=" " ind2=" ">
         <marc:subfield code="b">Institute for the Study of the Ancient World, </marc:subfield>
         <marc:subfield code="c">Small Collection</marc:subfield>
         <marc:subfield code="e">15 East 84th St., </marc:subfield>
         <marc:subfield code="e">New York, NY  10028</marc:subfield>
      </marc:datafield>
   </record>