
  
  
  
  
  
  
 
  
  <record xsi:schemaLocation="http://www.loc.gov/MARC21/slim http://www.loc.gov/standards/marcxml/schema/MARC21slim.xsd">
      <leader>00000cam  2200661 a 4500</leader>
      <controlfield tag="FMT">BK</controlfield>
      <controlfield tag="LDR">00000cam  2200661 a 4500</controlfield>
      <controlfield tag="001">004072621</controlfield>
      <controlfield tag="003">OCoLC</controlfield>
      <controlfield tag="005">20141124145608.0</controlfield>
      <controlfield tag="008">141124s2011    cc ab    b    100 0 chi d</controlfield>
      <datafield tag="020" ind1=" " ind2=" ">
         <subfield code="a">9787030320018 :</subfield>
         <subfield code="c">RMBY108.00</subfield>
      </datafield>
      <datafield tag="020" ind1=" " ind2=" ">
         <subfield code="a">7030320018 :</subfield>
         <subfield code="c">RMBY108.00</subfield>
      </datafield>
      <datafield tag="035" ind1=" " ind2=" ">
         <subfield code="a">(OCoLC)753324033</subfield>
      </datafield>
      <datafield tag="040" ind1=" " ind2=" ">
         <subfield code="a">BCBTC</subfield>
         <subfield code="c">BCBTC</subfield>
         <subfield code="d">STF</subfield>
         <subfield code="d">PIT</subfield>
         <subfield code="d">EYM</subfield>
         <subfield code="d">HMY</subfield>
         <subfield code="d">OCLCF</subfield>
         <subfield code="d">ZYU</subfield>
         <subfield code="d">NNU</subfield>
      </datafield>
      <datafield tag="043" ind1=" " ind2=" ">
         <subfield code="a">a-cc---</subfield>
      </datafield>
      <datafield tag="050" ind1=" " ind2="4">
         <subfield code="a">DS721</subfield>
         <subfield code="b">.Z466 2011</subfield>
      </datafield>
      <datafield tag="066" ind1=" " ind2=" ">
         <subfield code="c">$1</subfield>
      </datafield>
      <datafield tag="111" ind1="2" ind2=" ">
         <subfield code="6">880-01</subfield>
         <subfield code="a">Zhongguo gu dai wen ming yu guo jia qi yuan xue shu yan tao hui</subfield>
         <subfield code="d">(2009 :</subfield>
         <subfield code="c">Yi Xian, Hebei Sheng, China)</subfield>
      </datafield>
      <datafield tag="245" ind1="1" ind2="0">
         <subfield code="6">880-02</subfield>
         <subfield code="a">Zhongguo gu dai wen ming yu guo jia qi yuan xue shu yan tao hui lun wen ji :</subfield>
         <subfield code="b">Hebei, Yi Xian, Qing xi ling /</subfield>
         <subfield code="c">Shen Changyun, Zhang Cuilian zhu bian.</subfield>
      </datafield>
      <datafield tag="246" ind1="3" ind2="0">
         <subfield code="6">880-03</subfield>
         <subfield code="a">Hebei, Yi Xian, Qing xi ling</subfield>
      </datafield>
      <datafield tag="250" ind1=" " ind2=" ">
         <subfield code="6">880-04</subfield>
         <subfield code="a">Di 1 ban.</subfield>
      </datafield>
      <datafield tag="260" ind1=" " ind2=" ">
         <subfield code="6">880-05</subfield>
         <subfield code="a">Beijing :</subfield>
         <subfield code="b">Ke xue chu ban she,</subfield>
         <subfield code="c">2011.</subfield>
      </datafield>
      <datafield tag="300" ind1=" " ind2=" ">
         <subfield code="a">iv, 285 p. :</subfield>
         <subfield code="b">ill., maps ;</subfield>
         <subfield code="c">27 cm.</subfield>
      </datafield>
      <datafield tag="490" ind1="1" ind2=" ">
         <subfield code="6">880-06</subfield>
         <subfield code="a">Yan Zhao wen hua yan jiu xi lie cong shu</subfield>
      </datafield>
      <datafield tag="504" ind1=" " ind2=" ">
         <subfield code="a">Includes bibliographical references.</subfield>
      </datafield>
      <datafield tag="520" ind1=" " ind2=" ">
         <subfield code="6">880-07</subfield>
         <subfield code="a">Ben shu shi 2009 nian 4 yue you Hebei shi fa da xue, Zhongguo she ke yuan wen ming yan jiu zhong xin he Zhongguo xian Qin shi xue hui zai Hebei Yi Xian Qingxiling zhao kao de "Zhongguo gu dai guo jia yu wen ming qi yuan" xue shu yan tao hui de lun wen ji, shou lu lun wen 35 pian, she ji xian Qin li shi he kao gu xue deng duo ge fang mian. Lun wen ji you san ge te dian: (1) Zi liao xin, ben shu shou le le kao gu xue jie zui xin de fa jue cheng guo ; (2) Guan dian xin, suo you wen zhang dou shi chu ci fa biao ; (3) Zuo zhe lai zi yi liu da zhuan yuan xiao he ke yan yuan zhang, zhen rong pang da.</subfield>
      </datafield>
      <datafield tag="505" ind1="0" ind2="0">
         <subfield code="6">880-08</subfield>
         <subfield code="t">Zhongguo wen ming qi yuan yu xing cheng yan jiu xu yao zhu yi de ji ge wen ti /</subfield>
         <subfield code="r">Li Boqian --</subfield>
         <subfield code="t">Zhongguo wen ming qi yuan yan jiu hui gu he si kao /</subfield>
         <subfield code="r">zhan Ziqing --</subfield>
         <subfield code="t">Cong chuan shuo shi ji tan xun guo jia qi yuan de wen ti /</subfield>
         <subfield code="r">Meng Shikai --</subfield>
         <subfield code="t">Zhongguo gu dai guo jia qi yuan yu xing cheng wen ti lun gang /</subfield>
         <subfield code="r">Shen Changyun --</subfield>
         <subfield code="t">Tan yi ge yu zao qi wen ming xiang guan de wen ti /</subfield>
         <subfield code="r">Liu Xu --</subfield>
         <subfield code="t">“Guo jia” yu “Wen ming” bian xi /</subfield>
         <subfield code="r">Ye Wenxian宪 --</subfield>
         <subfield code="t">Guan yu Zhongguo wen ming qi yuan yu xing cheng li lun tan suo de ji ge wen ti /</subfield>
         <subfield code="r">Fan Shuzhou --</subfield>
         <subfield code="t">Yinxu yan jiu de gui gu yu si kao /</subfield>
         <subfield code="r">Chen Chun --</subfield>
         <subfield code="t">Zai lun cheng shi（du yi）shi wen ming shi dai dao lai de wei yi biao zhi: dui zao qi wen ming tan suo zhong ju luo yan jiu fang fa de ti chang /</subfield>
         <subfield code="r">Xu Hong --</subfield>
         <subfield code="t">Wen ming beng kui lun yu Zhongguo gu dai wen hua shuai bian xian xiang yan jiu /</subfield>
         <subfield code="r">Xu Gaoliang --</subfield>
         <subfield code="t">Zhao xun guo jia /</subfield>
         <subfield code="r">Fang Hui --</subfield>
         <subfield code="t">Shi qian Zhongguo si you zhi de ji ben te dian /</subfield>
         <subfield code="r">Pei Anping --</subfield>
         <subfield code="t">Zhongguo gu dai qiu bang lun hui yi nsu tan yan /</subfield>
         <subfield code="r">He Yanjie --</subfield>
         <subfield code="t">Zhongguo zao qi guo jia de zheng zhi sheng tai /</subfield>
         <subfield code="r">Zhao Boxiong --</subfield>
         <subfield code="t">Shang chao guo jia jie gou xin lun /</subfield>
         <subfield code="r">Du Yong --</subfield>
         <subfield code="t">Tao si gu cheng: Tang Yu lian meng yu Xia chu zhong xin du yi /</subfield>
         <subfield code="r">Peng Bangben --</subfield>
         <subfield code="t">San lun Tao si cai hui long yuan zi Liangzhu wen hua /</subfield>
         <subfield code="r">Zhu Naicheng --</subfield>
         <subfield code="t">Cong Tao si yi zhi kao gu shou huo kan Zhongguo zao qi gui jia te zheng /</subfield>
         <subfield code="r">He Nu --</subfield>
         <subfield code="t">Shi lun Tao si wen hua de xing zhi yu zu shu /</subfield>
         <subfield code="r">Zhang Guoshuo, Wei Jiyin --</subfield>
         <subfield code="t">Xia wang chao de jian yi yu wo guo gu dai wen ming de xing cheng /</subfield>
         <subfield code="r">Zheng Jiexiang</subfield>
      </datafield>
      <datafield tag="505" ind1="0" ind2="0">
         <subfield code="6">880-09</subfield>
         <subfield code="t">Xia shi he Xia wen hua yan jiu de mei li yu fan si /</subfield>
         <subfield code="r">Wang Zhenzhong --</subfield>
         <subfield code="t">Eerlitou wen hua gu ke zi fu shi jie /</subfield>
         <subfield code="r">Li Weiming --</subfield>
         <subfield code="t">Shi ping "'Yu gong' 'Ji Zhou州' de kao gu xue yan jiu" /</subfield>
         <subfield code="r">Chen Lizhu --</subfield>
         <subfield code="t">Yuzhou Wadian yi zhi kao gu xin fa xian de xue shu yi yi /</subfield>
         <subfield code="r">Fang Yanming --</subfield>
         <subfield code="t">Cai tao：Miaodigou wen hua shi qi de yi shu lang chao /</subfield>
         <subfield code="r">Wang Renxiang --</subfield>
         <subfield code="t">Jing Chu wen ming qi yuan yu Chu ren zao qi guo jia xin tan /</subfield>
         <subfield code="r">Luo Yunhuan --</subfield>
         <subfield code="t">Shandong Longshan wen hua zai Zhong hua wen ming qi yuan zhong de du te di wei /</subfield>
         <subfield code="r">Liu Shijin --</subfield>
         <subfield code="t">Taihang Shan dong lu di qu wen ming hua jin cheng yan jiu /</subfield>
         <subfield code="r">zhang Cuilian, Duan Hongzhen --</subfield>
         <subfield code="t">Wang Shumin xian sheng yu Wu di shi dai yan jiu /</subfield>
         <subfield code="r">Qin Jincai --</subfield>
         <subfield code="t">Cong Chu jian "Rong Cheng shi" kan chuan shuo shi dai she hui zu zhi xing tai de yan bian /</subfield>
         <subfield code="r">Wang Hui --</subfield>
         <subfield code="t">You Hu shi xin kao /</subfield>
         <subfield code="r">Bai Guohong --</subfield>
         <subfield code="t">Zhong gong miao "Ning feng" bu ci de chu bu yan jiu /</subfield>
         <subfield code="r">Liu Yuan --</subfield>
         <subfield code="t">Yin yang wu xing si xiang de qi yuan yu xing cheng /</subfield>
         <subfield code="r">Wei Jianzhen --</subfield>
         <subfield code="t">"Da ju" yan jiu: jian lun Zhou ren tu po bang zu she hui jie gou zhi gu de li shi gen yuan /</subfield>
         <subfield code="r">Zhang Huaitong.</subfield>
      </datafield>
      <datafield tag="651" ind1=" " ind2="0">
         <subfield code="a">China</subfield>
         <subfield code="x">Civilization.</subfield>
      </datafield>
      <datafield tag="651" ind1=" " ind2="0">
         <subfield code="a">China</subfield>
         <subfield code="x">History.</subfield>
      </datafield>
      <datafield tag="650" ind1=" " ind2="7">
         <subfield code="a">Civilization.</subfield>
         <subfield code="2">fast</subfield>
         <subfield code="0">(OCoLC)fst00862898</subfield>
      </datafield>
      <datafield tag="651" ind1=" " ind2="7">
         <subfield code="a">China.</subfield>
         <subfield code="2">fast</subfield>
         <subfield code="0">(OCoLC)fst01206073</subfield>
      </datafield>
      <datafield tag="655" ind1=" " ind2="7">
         <subfield code="a">History.</subfield>
         <subfield code="2">fast</subfield>
         <subfield code="0">(OCoLC)fst01411628</subfield>
      </datafield>
      <datafield tag="700" ind1="1" ind2=" ">
         <subfield code="a">Shen, Changyun</subfield>
         <subfield code="6">880-10</subfield>
      </datafield>
      <datafield tag="700" ind1="1" ind2=" ">
         <subfield code="6">880-11</subfield>
         <subfield code="a">Zhang, Cuilian.</subfield>
      </datafield>
      <datafield tag="710" ind1="2" ind2=" ">
         <subfield code="a">Zhongguo she hui ke xue yuan.</subfield>
         <subfield code="b">Gu dai wen ming yan jiu zhong xin</subfield>
         <subfield code="6">880-12</subfield>
      </datafield>
      <datafield tag="710" ind1="2" ind2=" ">
         <subfield code="a">Hebei shi fan da xue</subfield>
         <subfield code="6">880-13</subfield>
      </datafield>
      <datafield tag="710" ind1="2" ind2=" ">
         <subfield code="a">Zhongguo Xian Qin shi xue hui</subfield>
         <subfield code="6">880-14</subfield>
      </datafield>
      <datafield tag="880" ind1="2" ind2=" ">
         <subfield code="6">111-01/</subfield>
         <subfield code="a">中国古代文明与国家起源学术研讨会</subfield>
         <subfield code="d">(2009 :</subfield>
         <subfield code="c">Yi Xian, Hebei Sheng, China)</subfield>
      </datafield>
      <datafield tag="880" ind1="1" ind2="0">
         <subfield code="6">245-02/</subfield>
         <subfield code="a">中国古代文明与国家起源学术研讨会论文集 :</subfield>
         <subfield code="b">河北・易县・清西陵 /</subfield>
         <subfield code="c">沈长云, 张翠莲主编.</subfield>
      </datafield>
      <datafield tag="880" ind1="3" ind2="0">
         <subfield code="6">246-03/</subfield>
         <subfield code="a">河北・易县・清西陵</subfield>
      </datafield>
      <datafield tag="880" ind1=" " ind2=" ">
         <subfield code="6">250-04/</subfield>
         <subfield code="a">第1版.</subfield>
      </datafield>
      <datafield tag="880" ind1=" " ind2=" ">
         <subfield code="6">260-05/</subfield>
         <subfield code="a">北京 :</subfield>
         <subfield code="b">科学出版社,</subfield>
         <subfield code="c">2011.</subfield>
      </datafield>
      <datafield tag="880" ind1="1" ind2=" ">
         <subfield code="6">490-06/</subfield>
         <subfield code="a">燕赵文化研究系列丛书</subfield>
      </datafield>
      <datafield tag="880" ind1=" " ind2=" ">
         <subfield code="6">520-07/</subfield>
         <subfield code="a">本书是2009年4月由河北师范大学, 中国社科院文明研究中心和中国先秦史学会在河北易县清西陵召开的"中国古代国家与文明起源"学术研讨会的论文集, 收录论文35篇, 涉及先秦历史和考古学等多个方面. 论文集有三个特点 : (1) 资料新, 本书收录了考古学界最新的发掘成果 ; (2) 观点新,所有文章都是初次发表 ; (3) 作者来自一流大专院校和科研院长, 阵容庞大.</subfield>
      </datafield>
      <datafield tag="880" ind1="0" ind2="0">
         <subfield code="6">505-08/</subfield>
         <subfield code="t">中国文明起源与形成研究需要注意的几个问题 /</subfield>
         <subfield code="r">李伯谦 --</subfield>
         <subfield code="t">中国文明起源研究回顾和思考 /</subfield>
         <subfield code="r">詹子庆 --</subfield>
         <subfield code="t">从传说史迹探寻国家起源的问题 /</subfield>
         <subfield code="r">孟世凯 --</subfield>
         <subfield code="t">中国古代国家起源与形成问题论纲 /</subfield>
         <subfield code="r">沈长云 --</subfield>
         <subfield code="t">谈一个与早期文明相关的问题 /</subfield>
         <subfield code="r">刘绪 --</subfield>
         <subfield code="t">“国家”与“文明”辨析 /</subfield>
         <subfield code="r">叶文宪 --</subfield>
         <subfield code="t">关于中国文明起源与形成理论探索的几个问题 /</subfield>
         <subfield code="r">范毓周 --</subfield>
         <subfield code="t">殷墟研究的回顾与思考 /</subfield>
         <subfield code="r">陈淳 --</subfield>
         <subfield code="t">再论城市（都邑）是文明时代到来的唯一标志: 对早期文明探索中聚落研究方法的提倡 /</subfield>
         <subfield code="r">许宏 --</subfield>
         <subfield code="t">文明崩溃理论与中国古代文化衰变现象研究 /</subfield>
         <subfield code="r">徐良高 --</subfield>
         <subfield code="t">找寻国家 /</subfield>
         <subfield code="r">方辉 --</subfield>
         <subfield code="t">史前中国私有制的基本特点 /</subfield>
         <subfield code="r">裴安平 --</subfield>
         <subfield code="t">中国古代酋邦轮回因素探研 /</subfield>
         <subfield code="r">何艳杰 --</subfield>
         <subfield code="t">中国早期国家的政治生态 /</subfield>
         <subfield code="r">赵伯雄 --</subfield>
         <subfield code="t">商朝国家结构新论 /</subfield>
         <subfield code="r">杜勇 --</subfield>
         <subfield code="t">陶寺古城: 唐虞联盟与夏初中心都邑 /</subfield>
         <subfield code="r">彭邦本 --</subfield>
         <subfield code="t">三论陶寺彩绘龙源自良渚文化 /</subfield>
         <subfield code="r">朱乃诚 --</subfield>
         <subfield code="t">从陶寺遗址考古收获看中国早期国家特征 /</subfield>
         <subfield code="r">何驽 --</subfield>
         <subfield code="t">试论陶寺文化的性质与族属 /</subfield>
         <subfield code="r">张国硕, 魏继印 --</subfield>
         <subfield code="t">夏王朝的建立与我国古代文明的形成 /</subfield>
         <subfield code="r">郑杰祥</subfield>
      </datafield>
      <datafield tag="880" ind1="0" ind2="0">
         <subfield code="6">505-09/</subfield>
         <subfield code="t">夏史和夏文化研究的魅力与反思 /</subfield>
         <subfield code="r">王震中 --</subfield>
         <subfield code="t">二里头文化骨刻字符试介 /</subfield>
         <subfield code="r">李维明 --</subfield>
         <subfield code="t">试评《〈禹贡〉“九州”的考古学研究》 /</subfield>
         <subfield code="r">陈立柱 --</subfield>
         <subfield code="t">禹州瓦店遗址考古新发现的学术意义 /</subfield>
         <subfield code="r">方燕明 --</subfield>
         <subfield code="t">彩陶：庙底沟文化时期的艺术浪潮 /</subfield>
         <subfield code="r">王仁湘 --</subfield>
         <subfield code="t">荆楚文明起源与楚人早期国家新探 /</subfield>
         <subfield code="r">罗运环 --</subfield>
         <subfield code="t">山东龙山文化在中华文明起源中的独特地位 /</subfield>
         <subfield code="r">刘式今 --</subfield>
         <subfield code="t">太行山东麓地区文明化进程研究 /</subfield>
         <subfield code="r">张翠莲, 段宏振 --</subfield>
         <subfield code="t">王树民先生与五帝时代研究 /</subfield>
         <subfield code="r">秦进才 --</subfield>
         <subfield code="t">从楚简《容成氏》看传说时代社会组织形态的演变 /</subfield>
         <subfield code="r">王晖 --</subfield>
         <subfield code="t">有扈氏新考 /</subfield>
         <subfield code="r">白国红 --</subfield>
         <subfield code="t">周公庙“宁风”卜辞的初步研究 /</subfield>
         <subfield code="r">刘源 --</subfield>
         <subfield code="t">阴阳五行思想的起源与形成 /</subfield>
         <subfield code="r">魏建震 --</subfield>
         <subfield code="t">《大聚》研究: 兼论周人突破族邦社会结构桎梏的历史根源 /</subfield>
         <subfield code="r">张怀通.</subfield>
      </datafield>
      <datafield tag="880" ind1="1" ind2=" ">
         <subfield code="6">700-10/</subfield>
         <subfield code="a">沈长云.</subfield>
      </datafield>
      <datafield tag="880" ind1="1" ind2=" ">
         <subfield code="6">700-11/</subfield>
         <subfield code="a">张翠莲.</subfield>
      </datafield>
      <datafield tag="880" ind1="2" ind2=" ">
         <subfield code="6">710-12/</subfield>
         <subfield code="a">中囯社会科学院.</subfield>
         <subfield code="b">古代文明硏究中心</subfield>
      </datafield>
      <datafield tag="880" ind1="2" ind2=" ">
         <subfield code="6">710-13/</subfield>
         <subfield code="a">河北师范大学</subfield>
      </datafield>
      <datafield tag="880" ind1="2" ind2=" ">
         <subfield code="6">710-14/</subfield>
         <subfield code="a">中国先秦史学会</subfield>
      </datafield>
      <datafield tag="830" ind1=" " ind2="0">
         <subfield code="6">880-15</subfield>
         <subfield code="a">Yan Zhao wen hua yan jiu xi lie cong shu.</subfield>
      </datafield>
      <datafield tag="880" ind1=" " ind2="0">
         <subfield code="6">830-15/</subfield>
         <subfield code="a">燕赵文化研究系列丛书.</subfield>
      </datafield>
      <datafield tag="994" ind1=" " ind2=" ">
         <subfield code="a">Z0</subfield>
         <subfield code="b">ZYU</subfield>
      </datafield>
      <datafield tag="OWN" ind1=" " ind2=" ">
         <subfield code="a">GENERAL</subfield>
      </datafield>
      <datafield tag="AVA" ind1=" " ind2=" ">
         <subfield code="a">NYU50</subfield>
         <subfield code="b">NISAW</subfield>
         <subfield code="c">Small Collection</subfield>
         <subfield code="d">DS721 .Z466 2011</subfield>
         <subfield code="e">available</subfield>
         <subfield code="t">Available</subfield>
         <subfield code="f">1</subfield>
         <subfield code="g">0</subfield>
         <subfield code="h">N</subfield>
         <subfield code="i">0</subfield>
         <subfield code="j">SMALL</subfield>
         <subfield code="k">0</subfield>
      </datafield>
      <marc:datafield tag="852" ind1=" " ind2=" ">
         <marc:subfield code="b">Institute for the Study of the Ancient World, </marc:subfield>
         <marc:subfield code="c">Small Collection</marc:subfield>
         <marc:subfield code="e">15 East 84th St., </marc:subfield>
         <marc:subfield code="e">New York, NY  10028</marc:subfield>
      </marc:datafield>
   </record>