
  
  
  
  
  
  
 
  
  <record xsi:schemaLocation="http://www.loc.gov/MARC21/slim http://www.loc.gov/standards/marcxml/schema/MARC21slim.xsd">
      <leader>00000cam  2200481 a 4500</leader>
      <controlfield tag="FMT">BK</controlfield>
      <controlfield tag="LDR">00000cam  2200481 a 4500</controlfield>
      <controlfield tag="001">004072645</controlfield>
      <controlfield tag="003">OCoLC</controlfield>
      <controlfield tag="005">20141124151225.0</controlfield>
      <controlfield tag="008">141124s2008    cc ab    b    100 0 chi d</controlfield>
      <datafield tag="020" ind1=" " ind2=" ">
         <subfield code="a">9787501024971</subfield>
      </datafield>
      <datafield tag="020" ind1=" " ind2=" ">
         <subfield code="a">7501024979</subfield>
      </datafield>
      <datafield tag="035" ind1=" " ind2=" ">
         <subfield code="a">(OCoLC)310901729</subfield>
      </datafield>
      <datafield tag="040" ind1=" " ind2=" ">
         <subfield code="a">CNPIT</subfield>
         <subfield code="c">CNPIT</subfield>
         <subfield code="d">OCLCQ</subfield>
         <subfield code="d">PIT</subfield>
         <subfield code="d">LGG</subfield>
         <subfield code="d">HUH</subfield>
         <subfield code="d">OCLCF</subfield>
         <subfield code="d">NNU</subfield>
      </datafield>
      <datafield tag="043" ind1=" " ind2=" ">
         <subfield code="a">a-cc---</subfield>
      </datafield>
      <datafield tag="050" ind1=" " ind2="4">
         <subfield code="a">DS715</subfield>
         <subfield code="b">.C5367 2008</subfield>
      </datafield>
      <datafield tag="066" ind1=" " ind2=" ">
         <subfield code="c">$1</subfield>
      </datafield>
      <datafield tag="110" ind1="2" ind2=" ">
         <subfield code="6">880-01</subfield>
         <subfield code="a">Zhongguo kao gu xue hui.</subfield>
         <subfield code="b">Nian hui</subfield>
         <subfield code="n">(10th :</subfield>
         <subfield code="d">1999 :</subfield>
         <subfield code="c">China)</subfield>
      </datafield>
      <datafield tag="245" ind1="1" ind2="0">
         <subfield code="6">880-02</subfield>
         <subfield code="a">Zhongguo kao gu xue hui di 10 ci nian hui lun wen ji, 1999 /</subfield>
         <subfield code="c">Zhongguo kao gu xue hui bian ji.</subfield>
      </datafield>
      <datafield tag="246" ind1="3" ind2=" ">
         <subfield code="a">Zhongguo kao gu xue hui di shi ci nian hui lun wen ji</subfield>
      </datafield>
      <datafield tag="250" ind1=" " ind2=" ">
         <subfield code="6">880-03</subfield>
         <subfield code="a">Di 1 ban.</subfield>
      </datafield>
      <datafield tag="260" ind1=" " ind2=" ">
         <subfield code="6">880-04</subfield>
         <subfield code="a">Beijing :</subfield>
         <subfield code="b">Wen wu chu ban she,</subfield>
         <subfield code="c">2008.</subfield>
      </datafield>
      <datafield tag="300" ind1=" " ind2=" ">
         <subfield code="a">290 p. :</subfield>
         <subfield code="b">ill., maps ;</subfield>
         <subfield code="c">26 cm.</subfield>
      </datafield>
      <datafield tag="504" ind1=" " ind2=" ">
         <subfield code="a">Includes bibliographical references.</subfield>
      </datafield>
      <datafield tag="520" ind1=" " ind2=" ">
         <subfield code="6">880-05</subfield>
         <subfield code="a">Ben shu shou lu Zhongguo kao gu xue hui di 10 ci nian hui lun wen, bao kuo "Sanxia kao gu de ji ge wen ti", "Chongqing xia jiang di qu xin shi qi shi dai wan qi wen hua", Sanxia di qu zao qi Han min ren wen ju luo cheng zhang de ge an kao cha" deng.</subfield>
      </datafield>
      <datafield tag="505" ind1="0" ind2="0">
         <subfield code="6">880-06</subfield>
         <subfield code="t">Sanxia kao gu de ji ge wen ti /</subfield>
         <subfield code="r">Xu Guangji --</subfield>
         <subfield code="t">Sanxia kao gu yu Ba Shu wen hua de xin tan suo (gang yao) /</subfield>
         <subfield code="r">Yu Weichao --</subfield>
         <subfield code="t">Chongqing xia jiang di qu xin shi qi shi dai wan qi wen hua /</subfield>
         <subfield code="r">Bai Jiujiang, Zou Houxi --</subfield>
         <subfield code="t">Zhong Xian Zhongba yi zhi dui xue ke zong he yan jiu de shi jian yu tan suo /</subfield>
         <subfield code="r">Sun Zhibin --</subfield>
         <subfield code="t">Chongqing Sanxia Diqu zao qi Ba wen hua fen qi chu lun /</subfield>
         <subfield code="r">Fang Gang, Yuan Dongshan --</subfield>
         <subfield code="t">Guan yu Chongqing Yunyang Lijiaba yi zhi de ji ge wen ti /</subfield>
         <subfield code="r">Luo Erhu --</subfield>
         <subfield code="t">Chang Jian Sanxia ku qu xian Qin kao gu xue wen hua kao cha (gang yao) /</subfield>
         <subfield code="r">Zheng Ruokui --</subfield>
         <subfield code="t">Sanxia Diqu zao qi Han min ren wen ju luo cheng zhang de ge an kao cha /</subfield>
         <subfield code="r">Wu Chunming, Zhong Liqiang --</subfield>
         <subfield code="t">Jin nian Ba Shu kao gu zong shu /</subfield>
         <subfield code="r">Li Zhaohe, Ma Jiayu --</subfield>
         <subfield code="t">Sanxingdui kao gu fa xian yu Ba Shu wen ming jing cheng tan suo /</subfield>
         <subfield code="r">Zhao Dianzeng --</subfield>
         <subfield code="t">Lue lun Xizang kao gu fa xian de shi qian zai pei zuo wu /</subfield>
         <subfield code="r">Li Yongxian --</subfield>
         <subfield code="t">Qing Zang Gaoyuan dong lu kao gu xue wen hua te zheng ji qi chuan bo de yi ban si kao /</subfield>
         <subfield code="r">Xin Zhonghua --</subfield>
         <subfield code="t">Jin nian lai Xizang xi bu Fo jiao shi ku mei shu kao gu de fa xian yu yan jiu /</subfield>
         <subfield code="r">Huo Wei --</subfield>
         <subfield code="t">Sichuan Nan chao zao xiang /</subfield>
         <subfield code="r">Lei Yuhua --</subfield>
         <subfield code="t">Shuijing Jie jiu fang yi zhi de fa xian yu tan suo /</subfield>
         <subfield code="r">Chen Jian --</subfield>
         <subfield code="t">Zai lun gou zhu shi qian kao gu xin mo shi /</subfield>
         <subfield code="r">Zhang Xuehai --</subfield>
         <subfield code="t">Shi lun Longqiuzhuan wen hua /</subfield>
         <subfield code="r">Zhang Min --</subfield>
         <subfield code="t">Liangzhu wen ming jing cheng zhong shui huan bei jing de zai tan tao /</subfield>
         <subfield code="r">Song Jian --</subfield>
         <subfield code="t">Zhu Jiang liu yu qing tong wen hua chu tan /</subfield>
         <subfield code="r">Tan Yisheng --</subfield>
         <subfield code="t">“Yao zu cheng yin” feng ni yu “Yao zu rui jun” yin yin kao /</subfield>
         <subfield code="r">Lin Yun.</subfield>
      </datafield>
      <datafield tag="651" ind1=" " ind2="0">
         <subfield code="a">China</subfield>
         <subfield code="x">Antiquities</subfield>
         <subfield code="v">Congresses.</subfield>
      </datafield>
      <datafield tag="650" ind1=" " ind2="7">
         <subfield code="a">Antiquities.</subfield>
         <subfield code="2">fast</subfield>
         <subfield code="0">(OCoLC)fst00810745</subfield>
      </datafield>
      <datafield tag="651" ind1=" " ind2="7">
         <subfield code="a">China.</subfield>
         <subfield code="2">fast</subfield>
         <subfield code="0">(OCoLC)fst01206073</subfield>
      </datafield>
      <datafield tag="655" ind1=" " ind2="7">
         <subfield code="a">Conference proceedings.</subfield>
         <subfield code="2">fast</subfield>
         <subfield code="0">(OCoLC)fst01423772</subfield>
      </datafield>
      <datafield tag="710" ind1="2" ind2=" ">
         <subfield code="a">Zhongguo kao gu xue hui</subfield>
         <subfield code="6">880-07</subfield>
      </datafield>
      <datafield tag="880" ind1="2" ind2=" ">
         <subfield code="6">110-01/</subfield>
         <subfield code="a">中国考古学会.</subfield>
         <subfield code="b">年会</subfield>
         <subfield code="n">(10th :</subfield>
         <subfield code="d">1999 :</subfield>
         <subfield code="c">China)</subfield>
      </datafield>
      <datafield tag="880" ind1="1" ind2="0">
         <subfield code="6">245-02/</subfield>
         <subfield code="a">中国考古学会第十次年会论文集,1999 /</subfield>
         <subfield code="c">中国考古学会编辑.</subfield>
      </datafield>
      <datafield tag="880" ind1=" " ind2=" ">
         <subfield code="6">250-03/</subfield>
         <subfield code="a">第1版.</subfield>
      </datafield>
      <datafield tag="880" ind1=" " ind2=" ">
         <subfield code="6">260-04/</subfield>
         <subfield code="a">北京 :</subfield>
         <subfield code="b">文物出版社,</subfield>
         <subfield code="c">2008.</subfield>
      </datafield>
      <datafield tag="880" ind1=" " ind2=" ">
         <subfield code="6">520-05/</subfield>
         <subfield code="a">本书收录中国考古学会第十次年会论文, 包括《三峡考古的几个问题》, 《重庆峡江地区新时期时代晚期文化》, 《三峡地区早期汉民人文聚落成长的个案考察》等.</subfield>
      </datafield>
      <datafield tag="880" ind1="0" ind2="0">
         <subfield code="6">505-06/</subfield>
         <subfield code="t">三峡考古的几个问题 /</subfield>
         <subfield code="r">徐光冀 --</subfield>
         <subfield code="t">三峡考古与巴蜀文化的新探索(纲要) /</subfield>
         <subfield code="r">俞伟超 --</subfield>
         <subfield code="t">重庆峡江地区新石器时代晚期文化 /</subfield>
         <subfield code="r">白九江 邹后曦 --</subfield>
         <subfield code="t">忠县中坝遗址多学科综合研究的实践与探索 /</subfield>
         <subfield code="r">孙智彬 --</subfield>
         <subfield code="t">重庆三峡地区早期巴文化分期初论 /</subfield>
         <subfield code="r">方刚, 袁东山 --</subfield>
         <subfield code="t">关于重庆云阳李家坝遗址的几个问题 /</subfield>
         <subfield code="r">罗二虎 --</subfield>
         <subfield code="t">长江三峡库区先秦考古学文化考察(纲要) /</subfield>
         <subfield code="r">郑若葵 --</subfield>
         <subfield code="t">三峡地区早期汉民人文聚落成长的个案考察 /</subfield>
         <subfield code="r">吴春明, 钟礼强 --</subfield>
         <subfield code="t">近年巴蜀考古综述 /</subfield>
         <subfield code="r">李昭和, 马家郁 --</subfield>
         <subfield code="t">三星堆考古发现与巴蜀文明进程探索 /</subfield>
         <subfield code="r">赵殿增 --</subfield>
         <subfield code="t">略论西藏考古发现的史前栽培作物 /</subfield>
         <subfield code="r">李永宪 --</subfield>
         <subfield code="t">青藏高原东麓考古学文化特征及其传播的一般思考 /</subfield>
         <subfield code="r">辛中华 --</subfield>
         <subfield code="t">近年来西藏西部佛教石窟美术考古的发现与研究 /</subfield>
         <subfield code="r">霍巍 --</subfield>
         <subfield code="t">四川南朝造像 /</subfield>
         <subfield code="r">雷玉华 --</subfield>
         <subfield code="t">水井街酒坊遗址的发现与探索 /</subfield>
         <subfield code="r">陈剑 --</subfield>
         <subfield code="t">再论构筑史前考古新模式 /</subfield>
         <subfield code="r">张学海 --</subfield>
         <subfield code="t">试论龙虬庄文化 /</subfield>
         <subfield code="r">张敏 --</subfield>
         <subfield code="t">良渚文明进程中水患背景的再探讨 /</subfield>
         <subfield code="r">宋建 --</subfield>
         <subfield code="t">珠江流域青铜文化初探 /</subfield>
         <subfield code="r">覃义生 --</subfield>
         <subfield code="t">“夭租丞印”封泥与“夭租薉君”银印考 /</subfield>
         <subfield code="r">林沄.</subfield>
      </datafield>
      <datafield tag="880" ind1="2" ind2=" ">
         <subfield code="6">710-07/</subfield>
         <subfield code="a">中国考古学会.</subfield>
      </datafield>
      <datafield tag="994" ind1=" " ind2=" ">
         <subfield code="a">Z0</subfield>
         <subfield code="b">ZYU</subfield>
      </datafield>
      <datafield tag="OWN" ind1=" " ind2=" ">
         <subfield code="a">GENERAL</subfield>
      </datafield>
      <datafield tag="AVA" ind1=" " ind2=" ">
         <subfield code="a">NYU50</subfield>
         <subfield code="b">NISAW</subfield>
         <subfield code="c">Small Collection</subfield>
         <subfield code="d">DS715 .C5367 2008</subfield>
         <subfield code="e">available</subfield>
         <subfield code="t">Available</subfield>
         <subfield code="f">1</subfield>
         <subfield code="g">0</subfield>
         <subfield code="h">N</subfield>
         <subfield code="i">0</subfield>
         <subfield code="j">SMALL</subfield>
         <subfield code="k">0</subfield>
      </datafield>
      <marc:datafield tag="852" ind1=" " ind2=" ">
         <marc:subfield code="b">Institute for the Study of the Ancient World, </marc:subfield>
         <marc:subfield code="c">Small Collection</marc:subfield>
         <marc:subfield code="e">15 East 84th St., </marc:subfield>
         <marc:subfield code="e">New York, NY  10028</marc:subfield>
      </marc:datafield>
   </record>