
  
  
  
  
 
  
  <record xsi:schemaLocation="http://www.loc.gov/MARC21/slim http://www.loc.gov/standards/marcxml/schema/MARC21slim.xsd">
      <leader>00000cam  2200505 a 4500</leader>
      <controlfield tag="FMT">BK</controlfield>
      <controlfield tag="LDR">00000cam  2200505 a 4500</controlfield>
      <controlfield tag="001">004072662</controlfield>
      <controlfield tag="003">OCoLC</controlfield>
      <controlfield tag="005">20141208100354.0</controlfield>
      <controlfield tag="008">141124s2012    cc abf   b    100 0 chi d</controlfield>
      <datafield tag="020" ind1=" " ind2=" ">
         <subfield code="a">9787030350503</subfield>
      </datafield>
      <datafield tag="020" ind1=" " ind2=" ">
         <subfield code="a">7030350502</subfield>
      </datafield>
      <datafield tag="035" ind1=" " ind2=" ">
         <subfield code="a">(OCoLC)805998614</subfield>
      </datafield>
      <datafield tag="040" ind1=" " ind2=" ">
         <subfield code="a">BCBTC</subfield>
         <subfield code="b">eng</subfield>
         <subfield code="c">BCBTC</subfield>
         <subfield code="d">OCLCO</subfield>
         <subfield code="d">CLU</subfield>
         <subfield code="d">OCLCF</subfield>
         <subfield code="d">NNU</subfield>
      </datafield>
      <datafield tag="043" ind1=" " ind2=" ">
         <subfield code="a">a-ccg--</subfield>
      </datafield>
      <datafield tag="050" ind1=" " ind2="4">
         <subfield code="a">DS793.Y3</subfield>
         <subfield code="b">X5 2010</subfield>
      </datafield>
      <datafield tag="066" ind1=" " ind2=" ">
         <subfield code="c">$1</subfield>
      </datafield>
      <datafield tag="111" ind1="2" ind2=" ">
         <subfield code="6">880-01</subfield>
         <subfield code="a">Xi bu kao gu xie zuo hui ji "Zao qi Zhongguo de wen hua jiao liu yu hu dong -- yi Chang Jiang San Xia ku qu wei zhong xin" xue shu yan tao hui</subfield>
         <subfield code="n">(6th :</subfield>
         <subfield code="d">2010 :</subfield>
         <subfield code="c">Chongqing Shi, China)</subfield>
      </datafield>
      <datafield tag="245" ind1="1" ind2="0">
         <subfield code="6">880-02</subfield>
         <subfield code="a">"Zao qi Zhongguo de wen hua jiao liu yu hu dong -- yi Chang Jiang San Xia ku qu wei zhong xin" xue shu yan tao hui lun wen ji /</subfield>
         <subfield code="c">Chongqing Shi wen wu kao gu suo, Chongqing wen hua yi chan bao hu zhong xin bian.</subfield>
      </datafield>
      <datafield tag="250" ind1=" " ind2=" ">
         <subfield code="6">880-03</subfield>
         <subfield code="a">Di 1 ban.</subfield>
      </datafield>
      <datafield tag="260" ind1=" " ind2=" ">
         <subfield code="6">880-04</subfield>
         <subfield code="a">Beijing :</subfield>
         <subfield code="b">Ke xue chu ban she,</subfield>
         <subfield code="c">2012.</subfield>
      </datafield>
      <datafield tag="300" ind1=" " ind2=" ">
         <subfield code="a">iv, 495 p., [2] p. of plates :</subfield>
         <subfield code="b">ill. (some col.), maps ;</subfield>
         <subfield code="c">27 cm.</subfield>
      </datafield>
      <datafield tag="490" ind1="0" ind2=" ">
         <subfield code="6">880-05</subfield>
         <subfield code="a">Chongqing wen wu kao gu yan jiu xi lie</subfield>
      </datafield>
      <datafield tag="504" ind1=" " ind2=" ">
         <subfield code="a">Includes bibliographical references.</subfield>
      </datafield>
      <datafield tag="505" ind1="0" ind2="0">
         <subfield code="6">880-06</subfield>
         <subfield code="t">Yuxi Diqu xian Qin kao gu fa xian yu kao gu xue wen hua /</subfield>
         <subfield code="r">Bai Jiujiang, Zhou Houxi --</subfield>
         <subfield code="t">Yu dong nan di qu xian Qin shi qi de kao gu fa xian /</subfield>
         <subfield code="r">Li Daxi, Bai Jiujiang, Yuan Dongshan, Fang Gang --</subfield>
         <subfield code="t">Zai lun Laoguanmiao xia ceng wen hua de xiang dui nian dai /</subfield>
         <subfield code="r">Dai Yubiao --</subfield>
         <subfield code="t">Chang Jiang san xia di qu Xia Shang shi qi gu qi de kao gu fa xian yu yan jiu /</subfield>
         <subfield code="r">Yang Hua, Liu Qianfeng, Tang Bei --</subfield>
         <subfield code="t">Wan qi Ban wen hua yu qi yan jiu /</subfield>
         <subfield code="r">Fang Gang --</subfield>
         <subfield code="t">San xia di qu Chu wen hua yi cun zhong fa xian de bu shi yi wu /</subfield>
         <subfield code="r">Zhou Hao, Fu Qun, Liu Jidong --</subfield>
         <subfield code="t">Chongqing Wu Shan Dachang Penci Zhang guo Qin Han wen hua de chu bu ren shi /</subfield>
         <subfield code="r">Liu Xinglin --</subfield>
         <subfield code="t">Qin Ba wen hua guan xi de kao gu xue xin zheng ju: Chongqing Wan Zhou Liangshang mu qun M8 Zhan guo Qin ren mu qian xi /</subfield>
         <subfield code="r">Yang Qun --</subfield>
         <subfield code="t">Yudong Diqu dong Han mu te dian chu tan /</subfield>
         <subfield code="r">Shi Lei --</subfield>
         <subfield code="t">Yudong Sanxia di qu liang Han shi qi nong ye sheng chan gai shu /</subfield>
         <subfield code="r">Wang Wei --</subfield>
         <subfield code="t">Chongqing Zhongxian Cuipingshan yan mu suo jian zang su bian xi /</subfield>
         <subfield code="r">Wang Hong --</subfield>
         <subfield code="t">You Fengfumiao bie hou yi zhi guan kui Sanxia Diqu Han dai fa zhan zhuang kuang /</subfield>
         <subfield code="r">Liu Haiwang --</subfield>
         <subfield code="t">Chongqing Zhong Xian Wuyangqu de chu bu ren shi /</subfield>
         <subfield code="r">Li Dadi, Zou Houxi, Zeng Yan --</subfield>
         <subfield code="t">Chongqing Bishan Han dai shi guan de fa xian ji xiang guan ren shi /</subfield>
         <subfield code="r">Fan Peng, Zou Houxi, Li Dadi --</subfield>
         <subfield code="t">Chongqing ku qu Han dai bo shan lu de chu bu kao cha /</subfield>
         <subfield code="r">Xiao Guitian, Ma Shubo --</subfield>
         <subfield code="t">Cong che lun dao lian hua: xia jiang di qu mu zhang zhuan shi hua wen chu bu yan jiu /</subfield>
         <subfield code="r">Yu Qiuwei, Yang Bo --</subfield>
         <subfield code="t">Liu chao shi qi san xia di qu de cheng /</subfield>
         <subfield code="r">He Shiwei</subfield>
      </datafield>
      <datafield tag="505" ind1="0" ind2="0">
         <subfield code="6">880-07</subfield>
         <subfield code="t">Chongqing Kai Xian Hanfeng Zhen kao lüe /</subfield>
         <subfield code="r">Huo Dongfeng /</subfield>
         <subfield code="r">Liu Jidong, Hua Yang --</subfield>
         <subfield code="t">Chongqing Tushan yao xi yao chang xiang dui guan xi de tan tao yu fa zhan yin su fen xi /</subfield>
         <subfield code="r">Zhu Hanbing --</subfield>
         <subfield code="t">Si zheng yu si wei: kao gu jian dao de Zhongguo zao qi liang da fang wei xi tong -- you gu Shu shi dai de fang wei xi tong shuo qi /</subfield>
         <subfield code="r">Wang Renxiang --</subfield>
         <subfield code="t">Guizhou jiu shi qi shi dai wen hua de nian dai yu lei xing /</subfield>
         <subfield code="r">Song Xianshi --</subfield>
         <subfield code="t">Chuan dong bei di qu xian Qin shi qi kao gu xue wen hua xu lie yan jiu /</subfield>
         <subfield code="r">Bai Jiujiang, Jiang Xiaochun, Zhao Bingqing --</subfield>
         <subfield code="t">Ming Jiang shao you xin shi qi wen hua yu Dian xi wen hua de bi jiao /</subfield>
         <subfield code="r">Wan Jiao --</subfield>
         <subfield code="t">Dadu He shang you xin shi qi shi dai yi cun fen qi ji xing zhi /</subfield>
         <subfield code="r">Chen Wei --</subfield>
         <subfield code="t">Guizhou Gaoyuan xin shi qi shi dai wen hua yi cun qu xi chu lun /</subfield>
         <subfield code="r">Wu Xiahua --</subfield>
         <subfield code="t">Maiping yi zhi de chu bu fen xi /</subfield>
         <subfield code="r">Liu Zhiyan --</subfield>
         <subfield code="t">Chang Jiang shang you shi qian cheng zhi de cheng qian ying zao ji shu yan jiu /</subfield>
         <subfield code="r">Liu Chunying --</subfield>
         <subfield code="t">Xinan Diqu xian Qin shi qi ao ren zao xing qi de chu yi /</subfield>
         <subfield code="r">Zhou Zhiqing --</subfield>
         <subfield code="t">Chuanxi Pingyuan liang Han shi qi mu zang lei xing xue de yan jiu /</subfield>
         <subfield code="r">Yan Ni --</subfield>
         <subfield code="t">Han ta shan ji shi mu qun zhong wai lai wen hua yin su de yan jiu /</subfield>
         <subfield code="r">Niu Yingbing --</subfield>
         <subfield code="t">Qiongdu Yi huo dong fan wei de xin ren shi /</subfield>
         <subfield code="r">Sun Ci, Tang Liang --</subfield>
         <subfield code="t">Chang Jiang zhong xia you di qu shi qian jian zhu xing shi fa zhan te zheng chu tan /</subfield>
         <subfield code="r">Gan Caichao --</subfield>
      </datafield>
      <datafield tag="505" ind1="0" ind2="0">
         <subfield code="6">880-08</subfield>
         <subfield code="t">Shandong Bandao zao qi nong ye yan jiu xin jin zhan /</subfield>
         <subfield code="r">Jin Guiyun, Wen Wenwan, Wang Haiyu --</subfield>
         <subfield code="t">Guan yu chen chuan yi zhi de kao gu mai cang xue guan cha: Hua guang 1 hao yi dian shi jie /</subfield>
         <subfield code="r">Li Zhao --</subfield>
         <subfield code="t">Bishan Han dai hua xiang shi guan bao hu xiu fu /</subfield>
         <subfield code="r">Wang Haikuo, Ye Lin, Yang Xiaogang --</subfield>
         <subfield code="t">Ji jian tu tie zhi wen wu de bao hu xiu fu /</subfield>
         <subfield code="r">Ye Lin, Liu Yuanjian --</subfield>
         <subfield code="t">“Tuo tai hua gu” xiu er bei /</subfield>
         <subfield code="r">Zhang Guangmin --</subfield>
         <subfield code="t">Chongqin Pengshui Xujiaba yi zhi chu tu Shang Zhou de chuan xing bei gong neng yan jiu /</subfield>
         <subfield code="r">Yang Xiaogang, Zhou Houxi, Zhao Congcang, Zheng Xingwang, Jin Jinjun --</subfield>
         <subfield code="t">Bailu yin quan fen lu ban bing hai ji bing lu chu tan /</subfield>
         <subfield code="r">Liu Yuanjian, Ye Lin --</subfield>
         <subfield code="t">Mu tan jian ding zai kao gu xue yan jiu zhong de ying yong /</subfield>
         <subfield code="r">Wang Yuqian, Jin Guiyun --</subfield>
         <subfield code="t">Photoshop zai kao gu hui tu de yun yong shi li zhi yi: kuai su zhi te ding xian tiao /</subfield>
         <subfield code="r">Yang Fei --</subfield>
         <subfield code="t">Zhongyang gong ye shi yan suo zai yu qi jian jing ying zhuang kuang kao cha /</subfield>
         <subfield code="r">Sun Hui --</subfield>
         <subfield code="t">Chongqing Shi ji jian wen wu bao hu gong zuo chu bu yan jiu /</subfield>
         <subfield code="r">Lin Bizhong, Liu Hua, Li Dadi --</subfield>
         <subfield code="t">San xia gong cheng Chongqing ku qu chu tu wen wu xiu fu bao hu gong zuo qi dai jia qiang /</subfield>
         <subfield code="r">Yang Xiaogang.</subfield>
      </datafield>
      <datafield tag="650" ind1=" " ind2="0">
         <subfield code="a">Archaeology</subfield>
         <subfield code="z">China</subfield>
         <subfield code="z">Yangtze River Gorges.</subfield>
      </datafield>
      <datafield tag="651" ind1=" " ind2="0">
         <subfield code="a">Yangtze River Gorges (China)</subfield>
         <subfield code="x">Antiquities.</subfield>
      </datafield>
      <datafield tag="650" ind1=" " ind2="7">
         <subfield code="a">Antiquities.</subfield>
         <subfield code="2">fast</subfield>
         <subfield code="0">(OCoLC)fst00810745</subfield>
      </datafield>
      <datafield tag="650" ind1=" " ind2="7">
         <subfield code="a">Archaeology.</subfield>
         <subfield code="2">fast</subfield>
         <subfield code="0">(OCoLC)fst00812938</subfield>
      </datafield>
      <datafield tag="651" ind1=" " ind2="7">
         <subfield code="a">China</subfield>
         <subfield code="z">Yangtze River Gorges.</subfield>
         <subfield code="2">fast</subfield>
         <subfield code="0">(OCoLC)fst01243803</subfield>
      </datafield>
      <datafield tag="710" ind1="2" ind2=" ">
         <subfield code="a">Chongqing Shi wen wu kao gu suo</subfield>
         <subfield code="6">880-09</subfield>
      </datafield>
      <datafield tag="710" ind1="2" ind2=" ">
         <subfield code="6">880-10</subfield>
         <subfield code="a">Chongqing wen hua yi chan bao hu zhong xin.</subfield>
      </datafield>
      <datafield tag="880" ind1="2" ind2=" ">
         <subfield code="6">111-01/</subfield>
         <subfield code="a">西部考古协作会暨"早期中国的文化交流与互动 -- 以长江三峡库区为中心"学术研讨会</subfield>
         <subfield code="n">(6th :</subfield>
         <subfield code="d">2010 :</subfield>
         <subfield code="c">Chongqing Shi, China)</subfield>
      </datafield>
      <datafield tag="880" ind1="1" ind2="0">
         <subfield code="6">245-02/</subfield>
         <subfield code="a">"早期中国的文化交流与互动 -- 以长江三峡库区为中心"学术研讨会论文集 /</subfield>
         <subfield code="c">重庆市文物考古所, 重庆文化遗产保护中心编.</subfield>
      </datafield>
      <datafield tag="880" ind1=" " ind2=" ">
         <subfield code="6">250-03/</subfield>
         <subfield code="a">第1版.</subfield>
      </datafield>
      <datafield tag="880" ind1=" " ind2=" ">
         <subfield code="6">260-04/</subfield>
         <subfield code="a">北京 :</subfield>
         <subfield code="b">科学出版社,</subfield>
         <subfield code="c">2012.</subfield>
      </datafield>
      <datafield tag="880" ind1="0" ind2=" ">
         <subfield code="6">490-05/</subfield>
         <subfield code="a">重庆文物考古研究系列</subfield>
      </datafield>
      <datafield tag="880" ind1="0" ind2="0">
         <subfield code="6">505-06/</subfield>
         <subfield code="t">渝西地区先秦考古发现与考古学文化 /</subfield>
         <subfield code="r">白九江, 邹后曦 --</subfield>
         <subfield code="t">渝东南地区先秦时期的考古发现 /</subfield>
         <subfield code="r">李大地, 白九江, 袁东山, 方刚 --</subfield>
         <subfield code="t">再论老关庙下层文化的相对年代 /</subfield>
         <subfield code="r">代玉彪 --</subfield>
         <subfield code="t">长江三峡地区夏商时期骨器的考古发现与研究 /</subfield>
         <subfield code="r">杨华, 刘前凤, 唐备 --</subfield>
         <subfield code="t">晚期巴文化玉器研究 /</subfield>
         <subfield code="r">方刚 --</subfield>
         <subfield code="t">三峡地区楚文化遗存中发现的卜筮遗物 /</subfield>
         <subfield code="r">周昊, 付珺, 刘继东 --</subfield>
         <subfield code="t">重庆巫山大昌盆地战国秦汉文化的初步认识 /</subfield>
         <subfield code="r">刘兴林 --</subfield>
         <subfield code="t">秦巴文化关系的考古学新证据: 重庆万州梁上墓群M8战国秦人秦墓浅析 /</subfield>
         <subfield code="r">杨群 --</subfield>
         <subfield code="t">渝东地区东汉墓葬特点初探 /</subfield>
         <subfield code="r">石磊 --</subfield>
         <subfield code="t">渝东三峡地区两汉时期农业生产概述 /</subfield>
         <subfield code="r">汪伟 --</subfield>
         <subfield code="t">重庆忠县翠屏山崖墓所见葬俗辨析 /</subfield>
         <subfield code="r">王宏 --</subfield>
         <subfield code="t">由丰都庙背后遗址管窥三峡地区汉代发展状况 /</subfield>
         <subfield code="r">刘海旺 --</subfield>
         <subfield code="t">重庆忠县乌杨阙的初步认识 /</subfield>
         <subfield code="r">李大地, 邹后曦, 曾艳 --</subfield>
         <subfield code="t">重庆璧山汉代石棺的发现及相关认识 /</subfield>
         <subfield code="r">范鹏, 邹后曦, 李大地 --</subfield>
         <subfield code="t">重庆库区汉代博山炉的初步考察 /</subfield>
         <subfield code="r">肖贵田, 马书波 --</subfield>
         <subfield code="t">从车轮到莲花: 峡江地区墓砖装饰花纹初步研究 /</subfield>
         <subfield code="r">于秋伟, 杨波 --</subfield>
         <subfield code="t">六朝时期三峡地区的城 /</subfield>
         <subfield code="r">贺世伟 --</subfield>
      </datafield>
      <datafield tag="880" ind1="0" ind2="0">
         <subfield code="6">505-07/</subfield>
         <subfield code="t">重庆开县汉丰镇考略 霍东峰 /</subfield>
         <subfield code="r">刘继东, 华阳 --</subfield>
         <subfield code="t">重庆涂山窑系窑场相对关系的探讨与发展因素分析 /</subfield>
         <subfield code="r">朱寒冰 --</subfield>
         <subfield code="t">四正与四维:考古见到的中国早期两大方位系统: --</subfield>
         <subfield code="t">由古蜀时代的方位系统说起 /</subfield>
         <subfield code="r">王仁湘 --</subfield>
         <subfield code="t">贵州旧石器时代文化的年代与类型 /</subfield>
         <subfield code="r">宋先世 --</subfield>
         <subfield code="t">川东北地区先秦时期考古学文化序列研究 /</subfield>
         <subfield code="r">白九江, 蒋晓春, 赵炳清 --</subfield>
         <subfield code="t">岷江上游新石器文化与滇西文化的比较 /</subfield>
         <subfield code="r">万娇 --</subfield>
         <subfield code="t">大渡河上游新石器时代遗存分期及性质 /</subfield>
         <subfield code="r">陈苇 --</subfield>
         <subfield code="t">贵州高原新石器时代文化遗存区系初论 /</subfield>
         <subfield code="r">吴小华 --</subfield>
         <subfield code="t">麦坪遗址的初步分析 /</subfield>
         <subfield code="r">刘志岩 --</subfield>
         <subfield code="t">长江上游史前城址的城墙营造技术研究 /</subfield>
         <subfield code="r">刘春迎 --</subfield>
         <subfield code="t">西南地区先秦时期凹刃凿形器的初议 /</subfield>
         <subfield code="r">周志清 --</subfield>
         <subfield code="t">川西平原两汉时期墓葬类型学研究 /</subfield>
         <subfield code="r">燕妮 --</subfield>
         <subfield code="t">汉塔山积石墓群中外来文化因素的研究 /</subfield>
         <subfield code="r">牛英彬 --</subfield>
         <subfield code="t">邛都夷活动范围的新认识 /</subfield>
         <subfield code="r">孙策, 唐亮 --</subfield>
         <subfield code="t">长江中下游地区史前建筑形式发展特征初探 /</subfield>
         <subfield code="r">甘才超 --</subfield>
      </datafield>
      <datafield tag="880" ind1="0" ind2="0">
         <subfield code="6">505-08/</subfield>
         <subfield code="t">山东半岛早期农业研究新进展 /</subfield>
         <subfield code="r">靳桂云, 吴文婉, 王海玉 --</subfield>
         <subfield code="t">关于沉船遗址的考古埋藏学观察: 华光礁Ⅰ号疑点试解 /</subfield>
         <subfield code="r">李钊 --</subfield>
         <subfield code="t">璧山汉代画像石棺保护修复 /</subfield>
         <subfield code="r">王海阔, 叶琳, 杨小刚 --</subfield>
         <subfield code="t">几件出土铁质文物的保护修复 /</subfield>
         <subfield code="r">叶琳, 刘远坚 --</subfield>
         <subfield code="t">“脱胎换骨”修耳杯 /</subfield>
         <subfield code="r">张光敏 --</subfield>
         <subfield code="t">重庆彭水徐家坝遗址出土商周时期的船形杯功能研究 /</subfield>
         <subfield code="r">杨小刚, 邹后曦, 赵丛苍, 郑行望, 金普军 --</subfield>
         <subfield code="t">白鹿盐泉分卤板病害及病理初探 /</subfield>
         <subfield code="r">刘远坚, 叶琳 --</subfield>
         <subfield code="t">木炭鉴定在考古学研究中的应用 /</subfield>
         <subfield code="r">王育茜, 靳桂云 --</subfield>
         <subfield code="t">Photoshop在考古绘图的运用实例之一: 快速绘制特定线条 /</subfield>
         <subfield code="r">杨飞 --</subfield>
         <subfield code="t">中央工业试验所在渝期间经营状况考察 /</subfield>
         <subfield code="r">孙慧 --</subfield>
         <subfield code="t">重庆市基建文物保护工作初步研究 /</subfield>
         <subfield code="r">林必忠, 刘华, 李大地 --</subfield>
         <subfield code="t">三峡工程重庆库区出土文物修复保护工作亟待加强 /</subfield>
         <subfield code="r">杨小刚.</subfield>
      </datafield>
      <datafield tag="880" ind1="2" ind2=" ">
         <subfield code="6">710-09/</subfield>
         <subfield code="a">重庆市文物考古所.</subfield>
      </datafield>
      <datafield tag="880" ind1="2" ind2=" ">
         <subfield code="6">710-10/</subfield>
         <subfield code="a">重庆文化遗产保护中心.</subfield>
      </datafield>
      <datafield tag="994" ind1=" " ind2=" ">
         <subfield code="a">Z0</subfield>
         <subfield code="b">ZYU</subfield>
      </datafield>
      <datafield tag="OWN" ind1=" " ind2=" ">
         <subfield code="a">GENERAL</subfield>
      </datafield>
      <datafield tag="AVA" ind1=" " ind2=" ">
         <subfield code="a">NYU50</subfield>
         <subfield code="b">NISAW</subfield>
         <subfield code="c">Small Collection</subfield>
         <subfield code="d">DS793.Y3 X5 2010</subfield>
         <subfield code="e">available</subfield>
         <subfield code="t">Available</subfield>
         <subfield code="f">1</subfield>
         <subfield code="g">0</subfield>
         <subfield code="h">N</subfield>
         <subfield code="i">0</subfield>
         <subfield code="j">SMALL</subfield>
         <subfield code="k">0</subfield>
      </datafield>
      <marc:datafield tag="852" ind1=" " ind2=" ">
         <marc:subfield code="b">Institute for the Study of the Ancient World, </marc:subfield>
         <marc:subfield code="c">Small Collection</marc:subfield>
         <marc:subfield code="e">15 East 84th St., </marc:subfield>
         <marc:subfield code="e">New York, NY  10028</marc:subfield>
      </marc:datafield>
   </record>