
  
  
  
  
  
  
 
  
  <record xsi:schemaLocation="http://www.loc.gov/MARC21/slim http://www.loc.gov/standards/marcxml/schema/MARC21slim.xsd">
      <leader>00000cam  2200637 i 4500</leader>
      <controlfield tag="FMT">BK</controlfield>
      <controlfield tag="LDR">00000cam  2200637 i 4500</controlfield>
      <controlfield tag="001">004072861</controlfield>
      <controlfield tag="003">OCoLC</controlfield>
      <controlfield tag="005">20141125112332.0</controlfield>
      <controlfield tag="008">141125s2012    cc ab    b    000 0 chi c</controlfield>
      <datafield tag="020" ind1=" " ind2=" ">
         <subfield code="a">9787030355997</subfield>
      </datafield>
      <datafield tag="020" ind1=" " ind2=" ">
         <subfield code="a">7030355997</subfield>
      </datafield>
      <datafield tag="035" ind1=" " ind2=" ">
         <subfield code="a">(OCoLC)813393480</subfield>
      </datafield>
      <datafield tag="040" ind1=" " ind2=" ">
         <subfield code="a">BCBTC</subfield>
         <subfield code="b">eng</subfield>
         <subfield code="e">rda</subfield>
         <subfield code="c">BCBTC</subfield>
         <subfield code="d">CNPIT</subfield>
         <subfield code="d">CLU</subfield>
         <subfield code="d">OCLCO</subfield>
         <subfield code="d">OCLCA</subfield>
         <subfield code="d">OCLCF</subfield>
         <subfield code="d">IUL</subfield>
         <subfield code="d">OCLCO</subfield>
         <subfield code="d">ZYU</subfield>
         <subfield code="d">NNU</subfield>
      </datafield>
      <datafield tag="042" ind1=" " ind2=" ">
         <subfield code="a">pcc</subfield>
      </datafield>
      <datafield tag="043" ind1=" " ind2=" ">
         <subfield code="a">a-cc---</subfield>
      </datafield>
      <datafield tag="050" ind1=" " ind2="4">
         <subfield code="a">DS747.35</subfield>
         <subfield code="b">.H37 2012</subfield>
      </datafield>
      <datafield tag="066" ind1=" " ind2=" ">
         <subfield code="c">$1</subfield>
      </datafield>
      <datafield tag="111" ind1="2" ind2=" ">
         <subfield code="6">880-01</subfield>
         <subfield code="a">Han dai cheng shi he ju luo kao gu yu Han wen hua guo ji xue shu yan tao hui</subfield>
         <subfield code="d">(2010 :</subfield>
         <subfield code="c">Neihuang Xian, China)</subfield>
      </datafield>
      <datafield tag="245" ind1="1" ind2="0">
         <subfield code="6">880-02</subfield>
         <subfield code="a">Han dai cheng shi he ju luo kao gu yu Han wen hua /</subfield>
         <subfield code="c">Zhongguo she hui ke xue yuan kao gu yan jiu suo, Henan Sheng wen wu kao gu yan jiu suo bian.</subfield>
      </datafield>
      <datafield tag="250" ind1=" " ind2=" ">
         <subfield code="6">880-03</subfield>
         <subfield code="a">Di 1 ban.</subfield>
      </datafield>
      <datafield tag="264" ind1=" " ind2="1">
         <subfield code="6">880-04</subfield>
         <subfield code="a">Beijing :</subfield>
         <subfield code="b">Ke xue chu ban she,</subfield>
         <subfield code="c">2012.</subfield>
      </datafield>
      <datafield tag="300" ind1=" " ind2=" ">
         <subfield code="a">ii, 484 pages :</subfield>
         <subfield code="b">illustraions, maps ;</subfield>
         <subfield code="c">27 cm.</subfield>
      </datafield>
      <datafield tag="336" ind1=" " ind2=" ">
         <subfield code="a">text</subfield>
         <subfield code="2">rdacontent</subfield>
      </datafield>
      <datafield tag="337" ind1=" " ind2=" ">
         <subfield code="a">unmediated</subfield>
         <subfield code="2">rdamedia</subfield>
      </datafield>
      <datafield tag="338" ind1=" " ind2=" ">
         <subfield code="a">volume</subfield>
         <subfield code="2">rdacarrier</subfield>
      </datafield>
      <datafield tag="504" ind1=" " ind2=" ">
         <subfield code="a">Includes bibliographical references.</subfield>
      </datafield>
      <datafield tag="520" ind1=" " ind2=" ">
         <subfield code="6">880-05</subfield>
         <subfield code="a">Ben lun wen ji shai xuan can hui xue zhe lun wen zhong de 43 pian he xiang guan jiang hua, hui yi ji yao jie ji chu ban, nei rong bao kuo Han dai cheng shi he ju luo de kao gu fa xian yu yan jiu, Han dai mu zang he yi wu de kao gu fa xian yu yan jiu, Han dai wen hua jiao liu yan jiu deng fang mian. Zhe xie yan jiu nei rong guang fan, fan ying le dang qian guan yu Han dai cheng shi he ju luo kao gu, Han dai she hui li shi wen hua yan jiu de xin dong xiang, xin jin zhan he xin cheng guo.</subfield>
      </datafield>
      <datafield tag="505" ind1="0" ind2="0">
         <subfield code="6">880-06</subfield>
         <subfield code="g">Shang bian.</subfield>
         <subfield code="t">Zai “Han dai cheng shi he ju luo kao gu yu Han wen hua guo ji xue shu yan tao hui” kai mu shi shang de zhi ci /</subfield>
         <subfield code="r">Wang Yongzhi --</subfield>
         <subfield code="t">Zai “Han dai cheng shi he ju luo kao gu yu Han wen hua guo ji xue shu yan tao hui” kai mu shi shang de jiang hua /</subfield>
         <subfield code="r">Wang Wei --</subfield>
         <subfield code="t">Zai “Han dai cheng shi he ju luo kao gu yu Han wen hua guo ji xue shu yan tao hui” kai mu shi shang de jiang hua /</subfield>
         <subfield code="r">Sun Yingmin --</subfield>
         <subfield code="t">Zai “Han dai cheng shi he ju luo kao gu yu Han wen hua guo ji xue shu yan tao hui” kai mu shi shang de jiang hua /</subfield>
         <subfield code="r">Zhang Shanfei --</subfield>
         <subfield code="t">Zai “Han dai cheng shi he ju luo kao gu yu Han wen hua guo ji xue shu yan tao hui” kai mu shi shang de jiang hua zong jie /</subfield>
         <subfield code="r">Bai Yunxiang --</subfield>
         <subfield code="t">Zai “Han dai cheng shi he ju luo kao gu yu Han wen hua guo ji xue shu yan tao hui” bi mu shi shang de zhi ci /</subfield>
         <subfield code="r">Sun Xinmin --</subfield>
         <subfield code="t">Zai “Han dai cheng shi he ju luo kao gu yu Han wen hua guo ji xue shu yan tao hui” bi mu shi shang de zhi ci /</subfield>
         <subfield code="r">Wang Yongzhi --</subfield>
         <subfield code="t">“Han dai cheng shi he ju luo kao gu yu Han wen hua guo ji xue shu yan tao hui” ji yao /</subfield>
         <subfield code="r">Yang Yong, Hong Shi</subfield>
      </datafield>
      <datafield tag="505" ind1="0" ind2="0">
         <subfield code="6">880-07</subfield>
         <subfield code="g">Xia bian.</subfield>
         <subfield code="t">Han dai cheng shi yu ju luo kao gu yan jiu /</subfield>
         <subfield code="r">Liu Qingzhu --</subfield>
         <subfield code="t">Qin Han shi qi ju luo de kao gu fa xian ji chu bu ren shi /</subfield>
         <subfield code="r">Bai Yunxiang --</subfield>
         <subfield code="t">You Sanyangzhuang yi zhi kao gu fa xian shi tan Han dai ju luo /</subfield>
         <subfield code="r">Liu Haiwang --</subfield>
         <subfield code="t">Neihuang Sanyangzhuang Han dai ting yuan yi zhi yu Han dai ju luo yang shi tan tao /</subfield>
         <subfield code="r">Cheng Youwei --</subfield>
         <subfield code="t">Heihuang Sanyangzhuang yi zhi kao gu fa xian yu Qin han xiang cun li ju xing shi de kao cha /</subfield>
         <subfield code="r">Wang Zijin --</subfield>
         <subfield code="t">Cong Neihuang Sanyangzhuang ju luo yi zhi kan Han dai nong min cun min ju xing shi de duo yang xing /</subfield>
         <subfield code="r">Jun Jiazhou --</subfield>
         <subfield code="t">Sanyangzhuang Han dai ju luo de fei qi yu Dong Han Huang He gai dao /</subfield>
         <subfield code="r">Bai Yan --</subfield>
         <subfield code="t">Sanyangzhuang Han dai yi zhi di zhi xue kao gu he gu huan jing yan jiu /</subfield>
         <subfield code="r">Qi Dechun, Li Minglin --</subfield>
         <subfield code="t">Chongqing Yunyang Xian Lijiaba Qin Han Liu Chao ju luo ju zhi de chu bu yan jiu /</subfield>
         <subfield code="r">Zhao Deyun, Huang Wei --</subfield>
         <subfield code="t">Han dai Chang'an Shi chang tan tao /</subfield>
         <subfield code="r">Liu Qingzhu, Li Minfang --</subfield>
         <subfield code="t">Hang Chang'an cheng di xia jian zhu zhi gong yong fen xi /</subfield>
         <subfield code="r">Zhang Jianfeng --</subfield>
         <subfield code="t">Han Tang cheng zhi de shui men he shui guan gai shi /</subfield>
         <subfield code="r">Wang Bo --</subfield>
         <subfield code="t">Cong kao gu cai liao kan Han dai ye tie sheng chan he cheng shi she hui de guan xi /</subfield>
         <subfield code="r">Zuozuomuzhengzhi --</subfield>
         <subfield code="t">Han dai zhong guang zhu qian de kao gu diao cha he yan jiu /</subfield>
         <subfield code="r">Jiang Baolian --</subfield>
         <subfield code="t">Han dai ling mu shen dao shi diao /</subfield>
         <subfield code="r">Wu Lihua --</subfield>
      </datafield>
      <datafield tag="505" ind1="0" ind2="0">
         <subfield code="6">880-08</subfield>
         <subfield code="t">Mangtangshan Xi Han Liang guo wang ling mai zang zhi du chu lun /</subfield>
         <subfield code="r">Zheng Qingsen --</subfield>
         <subfield code="t">Dong Han zhi Sanguo shi qi da xing mu zang fan ying de li shi bian hua /</subfield>
         <subfield code="r">Chen Jing --</subfield>
         <subfield code="t">Zhangqiu Luozhuang Han mu de zheng zhi jie du /</subfield>
         <subfield code="r">Gao Jixi --</subfield>
         <subfield code="t">Han dai er qian shi guan li mu de fa xian yu chu bu yan jiu /</subfield>
         <subfield code="r">Liu Zhendong --</subfield>
         <subfield code="t">Henan zhong xiao xing Han mu de xing zhi xi lun /</subfield>
         <subfield code="r">Zhang Xiangyu --</subfield>
         <subfield code="t">Shi lun Han dai tu dun mu /</subfield>
         <subfield code="r">Hu Jigen --</subfield>
         <subfield code="t">Yun Gui Gaoyuan Hana shi tu kuo mu de chu bu kao cha /</subfield>
         <subfield code="r">Yang Yong --</subfield>
         <subfield code="t">Sichuan jin nian lai Han dai mu zang xin fa xian /</subfield>
         <subfield code="r">Jin Guolin, Zhou Kehua --</subfield>
         <subfield code="t">Liang Han shi qi jin si yu jin li xi gong de tang tao: yi chu tu zhuan shi pin wei zhong xin /</subfield>
         <subfield code="r">Gong Wen --</subfield>
         <subfield code="t">Guan yu Han dai tie li de ji ge wen ti /</subfield>
         <subfield code="r">Liu Xinglin</subfield>
      </datafield>
      <datafield tag="505" ind1="0" ind2="0">
         <subfield code="6">880-09</subfield>
         <subfield code="t">Guangxi chu tu de na gai bo li yu Han dai hai shang si chou zhi lu /</subfield>
         <subfield code="r">Xiong Zhaoming, Li Qinghui --</subfield>
         <subfield code="t">Qian tan Hunan chu tu de “Dong Han bai ci” /</subfield>
         <subfield code="r">Wang Rui --</subfield>
         <subfield code="t">Yubei Diqu Han mu chu tu cai hui tao qi chu lun /</subfield>
         <subfield code="r">Chai Yi --</subfield>
         <subfield code="t">Qian shu Yangzhou chu tu de Han dai yu le yong /</subfield>
         <subfield code="r">Zhang Zhaowei --</subfield>
         <subfield code="t">Xi Han tao yong de fu zhuang se dai ji xiang guang wen ti /</subfield>
         <subfield code="r">Wang Fang --</subfield>
         <subfield code="t">Han mu kao gu yi cun suo jian Han dai ren de si hou shi jie /</subfield>
         <subfield code="r">Huang Peixian --</subfield>
         <subfield code="t">Nanyang Han huang xiang shi zhong de shen xian shen hua gu shi /</subfield>
         <subfield code="r">Ma Ji, Song Hongyu, Pan Yong --</subfield>
         <subfield code="t">Tanghe Feng Junru ren hua xiang shi mu hua xiang nei rong bian xi er ze /</subfield>
         <subfield code="r">Yan Rui, Gao Xuan --</subfield>
         <subfield code="t">Hubei Dong Han ji nian zhuan mu mu zhuan wen shi yan jiu /</subfield>
         <subfield code="r">Tian Guiping --</subfield>
         <subfield code="t">Cong Cao Cao Gaoling chu tu shi pei tan “Wu shu” yu “He” ji qi ta /</subfield>
         <subfield code="r">Liu Rui --</subfield>
         <subfield code="t">Changsha Han mu ch utu qi qi ming wen er ti /</subfield>
         <subfield code="r">Li Shisheng --</subfield>
      </datafield>
      <datafield tag="505" ind1="0" ind2="0">
         <subfield code="6">880-10</subfield>
         <subfield code="t">Qin Han xian yu li kao /</subfield>
         <subfield code="r">Shuijiandapu --</subfield>
         <subfield code="t">Qin Han peng ren kao gu /</subfield>
         <subfield code="r">Yin Zhihua, Zhang Zhaowei --</subfield>
         <subfield code="t">Song Liao Jin Yuan shi qi shuang yu xing tong shi de yan jiu /</subfield>
         <subfield code="r">Zheng Yidao --</subfield>
         <subfield code="t">Han dai nan Zhongguo yu Dongnan Ya de lian xi: cong Yuenan he Jianpuzhai kao gu xin fa xian tan qi /</subfield>
         <subfield code="r">Lei Andi --</subfield>
         <subfield code="t">San han zhi San guo shi dai shi di ju luo yan jiu /</subfield>
         <subfield code="r">Xin Yongmin, Cui Jinggui, Quan Zhonghao --</subfield>
         <subfield code="t">San guo shi dai shi zhu shan cheng de cai shi chang he gang lan shi jian zhu /</subfield>
         <subfield code="r">Li Zhucheng, Pu Meizhen, Jin Meijing --</subfield>
         <subfield code="t">Han guo Qing'nan Diqu San tuo tong yi qi shi zhu shan cheng xiao kao /</subfield>
         <subfield code="r">Shen Zongxun, Zhao Minglai, Shen Enxi --</subfield>
         <subfield code="t">Fu lu：jia qiang ji chu yan jiu hui gui xue shu tan tao: Cao Cao Gaoling kao gu fa xian zhuan jia zuo tan hui fa yan zhai yao.</subfield>
      </datafield>
      <datafield tag="650" ind1=" " ind2="0">
         <subfield code="a">Cities and towns</subfield>
         <subfield code="z">China</subfield>
         <subfield code="x">History.</subfield>
      </datafield>
      <datafield tag="651" ind1=" " ind2="0">
         <subfield code="a">China</subfield>
         <subfield code="x">Antiquities.</subfield>
      </datafield>
      <datafield tag="650" ind1=" " ind2="0">
         <subfield code="a">Excavations (Archaeology)</subfield>
         <subfield code="z">China.</subfield>
      </datafield>
      <datafield tag="650" ind1=" " ind2="7">
         <subfield code="a">Antiquities.</subfield>
         <subfield code="2">fast</subfield>
         <subfield code="0">(OCoLC)fst00810745</subfield>
      </datafield>
      <datafield tag="650" ind1=" " ind2="7">
         <subfield code="a">Cities and towns.</subfield>
         <subfield code="2">fast</subfield>
         <subfield code="0">(OCoLC)fst00861748</subfield>
      </datafield>
      <datafield tag="650" ind1=" " ind2="7">
         <subfield code="a">Excavations (Archaeology)</subfield>
         <subfield code="2">fast</subfield>
         <subfield code="0">(OCoLC)fst00917564</subfield>
      </datafield>
      <datafield tag="651" ind1=" " ind2="7">
         <subfield code="a">China.</subfield>
         <subfield code="2">fast</subfield>
         <subfield code="0">(OCoLC)fst01206073</subfield>
      </datafield>
      <datafield tag="648" ind1=" " ind2="7">
         <subfield code="a">202 B.C. - 220 A.D.</subfield>
         <subfield code="2">fast</subfield>
      </datafield>
      <datafield tag="655" ind1=" " ind2="7">
         <subfield code="a">History.</subfield>
         <subfield code="2">fast</subfield>
         <subfield code="0">(OCoLC)fst01411628</subfield>
      </datafield>
      <datafield tag="710" ind1="2" ind2=" ">
         <subfield code="6">880-11</subfield>
         <subfield code="a">Zhongguo she hui ke xue yuan.</subfield>
         <subfield code="b">Kao gu yan jiu suo.</subfield>
      </datafield>
      <datafield tag="710" ind1="2" ind2=" ">
         <subfield code="a">Henan Sheng wen wu yan jiu suo</subfield>
         <subfield code="6">880-12</subfield>
      </datafield>
      <datafield tag="880" ind1="2" ind2=" ">
         <subfield code="6">111-01/</subfield>
         <subfield code="a">汉代城市和聚落考古与汉文化国际学术研讨会</subfield>
         <subfield code="d">(2010 :</subfield>
         <subfield code="c">Neihuang Xian, China)</subfield>
      </datafield>
      <datafield tag="880" ind1="1" ind2="0">
         <subfield code="6">245-02/</subfield>
         <subfield code="a">汉代城市和聚落考古与汉文化 /</subfield>
         <subfield code="c">中国社会科学院考古研究所, 河南省文物考古研究所编.</subfield>
      </datafield>
      <datafield tag="880" ind1=" " ind2=" ">
         <subfield code="6">250-03/</subfield>
         <subfield code="a">第1版.</subfield>
      </datafield>
      <datafield tag="880" ind1=" " ind2="1">
         <subfield code="6">264-04/</subfield>
         <subfield code="a">北京 :</subfield>
         <subfield code="b">科学出版社,</subfield>
         <subfield code="c">2012.</subfield>
      </datafield>
      <datafield tag="880" ind1=" " ind2=" ">
         <subfield code="6">520-05/</subfield>
         <subfield code="a">本论文集筛选参会学者论文中的43篇和相关讲话, 会议纪要结集出版, 内容包括汉代城市和聚落的考古发现与研究, 汉代墓葬和遗物的考古发现与研究, 汉代文化交流研究等方面.这些研究内容广泛, 反映了当前关于汉代城市和聚落考古, 汉代社会历史文化研究的新动向, 新进展和新成果.</subfield>
      </datafield>
      <datafield tag="880" ind1="0" ind2="0">
         <subfield code="6">505-06/</subfield>
         <subfield code="g">上编.</subfield>
         <subfield code="t">在“汉代城市和聚落考古与汉文化国际学术研讨会”开幕式上的致辞 /</subfield>
         <subfield code="r">王永志 --</subfield>
         <subfield code="t">在“汉代城市和聚落考古与汉文化国际学术研讨会”开幕式上的讲话 /</subfield>
         <subfield code="r">王巍 --</subfield>
         <subfield code="t">在“汉代城市和聚落考古与汉文化国际学术研讨会”开幕式上的讲话 /</subfield>
         <subfield code="r">孙英民 --</subfield>
         <subfield code="t">在“汉代城市和聚落考古与汉文化国际学术研讨会”开幕式上的讲话 /</subfield>
         <subfield code="r">张善飞 --</subfield>
         <subfield code="t">在“汉代城市和聚落考古与汉文化国际学术研讨会”闭幕式上的总结讲话 /</subfield>
         <subfield code="r">白云翔 --</subfield>
         <subfield code="t">在“汉代城市和聚落考古与汉文化国际学术研讨会”闭幕式上的致辞 /</subfield>
         <subfield code="r">孙新民 --</subfield>
         <subfield code="t">在“汉代城市和聚落考古与汉文化国际学术研讨会”闭幕式上的致辞 /</subfield>
         <subfield code="r">王永志 --</subfield>
         <subfield code="t">“汉代城市和聚落考古与汉文化国际学术研讨会”纪要 /</subfield>
         <subfield code="r">杨勇, 洪石</subfield>
      </datafield>
      <datafield tag="880" ind1="0" ind2="0">
         <subfield code="6">505-07/</subfield>
         <subfield code="g">下编.</subfield>
         <subfield code="t">汉代城市与聚落考古研究 /</subfield>
         <subfield code="r">刘庆柱 --</subfield>
         <subfield code="t">秦汉时期聚落的考古发现及初步认识 /</subfield>
         <subfield code="r">白云翔 --</subfield>
         <subfield code="t">由三杨庄遗址考古发现试谈汉代聚落 /</subfield>
         <subfield code="r">刘海旺 --</subfield>
         <subfield code="t">内黄三杨庄汉代庭院遗址与汉代聚落样式探讨 /</subfield>
         <subfield code="r">程有为 --</subfield>
         <subfield code="t">内黄三杨庄遗址考古发现与秦汉乡村里居形式的考察 /</subfield>
         <subfield code="r">王子今 --</subfield>
         <subfield code="t">从内黄三杨庄聚落遗址看汉代农村民居形式的多样性 /</subfield>
         <subfield code="r">孙家洲 --</subfield>
         <subfield code="t">三杨庄汉代聚落的废弃与东汉黄河改道 /</subfield>
         <subfield code="r">白岩 --</subfield>
         <subfield code="t">三杨庄汉代遗址地学考古和古环境研究 /</subfield>
         <subfield code="r">齐德纯, 李明霖 --</subfield>
         <subfield code="t">重庆云阳县李家坝秦汉六朝聚落居住址的初步研究 /</subfield>
         <subfield code="r">赵德云, 黄伟 --</subfield>
         <subfield code="t">汉代长安市场探讨 /</subfield>
         <subfield code="r">刘庆柱, 李毓芳 --</subfield>
         <subfield code="t">汉长安城地下建筑之功用分析 /</subfield>
         <subfield code="r">张建峰 --</subfield>
         <subfield code="t">汉唐城址的水门和水关概述 /</subfield>
         <subfield code="r">汪勃 --</subfield>
         <subfield code="t">从考古材料看汉代冶铁生产和城市社会的关系 /</subfield>
         <subfield code="r">做作木正治 --</subfield>
         <subfield code="t">汉代锺官铸钱的考古调查和研究 /</subfield>
         <subfield code="r">姜宝莲 --</subfield>
         <subfield code="t">汉代陵墓神道石雕 /</subfield>
         <subfield code="r">武利华 --</subfield>
      </datafield>
      <datafield tag="880" ind1="0" ind2="0">
         <subfield code="6">505-08/</subfield>
         <subfield code="t">芒砀山西汉梁国王陵埋葬制度初论 /</subfield>
         <subfield code="r">郑青森 --</subfield>
         <subfield code="t">东汉至三国时期大型墓葬反映的历史变化 /</subfield>
         <subfield code="r">陈静 --</subfield>
         <subfield code="t">章丘洛庄汉墓的政治解读 /</subfield>
         <subfield code="r">高继习 --</subfield>
         <subfield code="t">汉代二千石官吏墓的发现与初步研究 /</subfield>
         <subfield code="r">刘振东 --</subfield>
         <subfield code="t">河南中小型汉墓形制析论 /</subfield>
         <subfield code="r">张翔宇 --</subfield>
         <subfield code="t">试论汉代土墩墓 /</subfield>
         <subfield code="r">胡继根 --</subfield>
         <subfield code="t">云贵高原汉式土圹墓的初步考察 /</subfield>
         <subfield code="r">杨勇 --</subfield>
         <subfield code="t">四川近年来汉代墓葬新发现 /</subfield>
         <subfield code="r">金国林, 周科华 --</subfield>
         <subfield code="t">两汉时期金丝与金粒细工的探讨: 以出土装饰品为中心 /</subfield>
         <subfield code="r">巩文 --</subfield>
         <subfield code="t">关于汉代铁犁的几个问题 /</subfield>
         <subfield code="r">刘兴林</subfield>
      </datafield>
      <datafield tag="880" ind1="0" ind2="0">
         <subfield code="6">505-09/</subfield>
         <subfield code="t">广西出土的钠钙玻璃与汉代海上丝绸之路 /</subfield>
         <subfield code="r">熊昭明, 李青会 --</subfield>
         <subfield code="t">浅谈湖南出土的“东汉白瓷” /</subfield>
         <subfield code="r">王睿 --</subfield>
         <subfield code="t">豫北地区汉墓出土彩绘陶器初论 /</subfield>
         <subfield code="r">柴怡 --</subfield>
         <subfield code="t">浅述扬州出土的汉代娱乐俑 /</subfield>
         <subfield code="r">张兆维 --</subfield>
         <subfield code="t">西汉陶俑的服装色彩及相关问题 /</subfield>
         <subfield code="r">王方 --</subfield>
         <subfield code="t">汉墓考古遗存所见汉代人的死后世界 /</subfield>
         <subfield code="r">黄佩贤 --</subfield>
         <subfield code="t">南阳汉画像石中的神仙神话故事 /</subfield>
         <subfield code="r">马骥, 宋红宇, 潘泳 --</subfield>
         <subfield code="t">唐河冯君孺人画像石墓画像内容辨析二则 /</subfield>
         <subfield code="r">燕睿, 高璇 --</subfield>
         <subfield code="t">湖北东汉纪年砖墓墓砖纹饰研究 /</subfield>
         <subfield code="r">田桂萍 --</subfield>
         <subfield code="t">从曹操高陵出土石牌谈“物疏”与“褐”及其他 /</subfield>
         <subfield code="r">刘瑞 --</subfield>
         <subfield code="t">长沙汉墓出土漆器铭文二题 /</subfield>
         <subfield code="r">黎石生 --</subfield>
      </datafield>
      <datafield tag="880" ind1="0" ind2="0">
         <subfield code="6">505-10/</subfield>
         <subfield code="t">秦汉县狱吏考 /</subfield>
         <subfield code="r">水间大铺 --</subfield>
         <subfield code="t">秦汉烹饪考古 /</subfield>
         <subfield code="r">印志华, 张兆维 --</subfield>
         <subfield code="t">宋辽金元时期双鱼形铜匙的研究 /</subfield>
         <subfield code="r">郑义道 --</subfield>
         <subfield code="t">汉代南中国与东南亚的联系: 从越南和柬埔寨考古新发现谈起 /</subfield>
         <subfield code="r">雷安迪 --</subfield>
         <subfield code="t">三韩至三国时代湿地聚落研究 /</subfield>
         <subfield code="r">辛勇旻, 崔景圭, 权钟浩 --</subfield>
         <subfield code="t">三国时代石筑山城的采石场和干栏式建筑 /</subfield>
         <subfield code="r">李柱成, 朴美贞, 金美京 --</subfield>
         <subfield code="t">韩国庆南地区三国统一期石筑山城小考 /</subfield>
         <subfield code="r">沈宗薰, 赵明来, 申恩憙 --</subfield>
         <subfield code="t">附录：加强基础研究 回归学术探讨: 曹操高陵考古发现专家座谈会发言摘要.</subfield>
      </datafield>
      <datafield tag="880" ind1="2" ind2=" ">
         <subfield code="6">710-11/</subfield>
         <subfield code="a">中囯社会科学院.</subfield>
         <subfield code="b">考古研究所.</subfield>
      </datafield>
      <datafield tag="880" ind1="2" ind2=" ">
         <subfield code="6">710-12/</subfield>
         <subfield code="a">河南省文物考古研究所.</subfield>
      </datafield>
      <datafield tag="994" ind1=" " ind2=" ">
         <subfield code="a">Z0</subfield>
         <subfield code="b">ZYU</subfield>
      </datafield>
      <datafield tag="OWN" ind1=" " ind2=" ">
         <subfield code="a">GENERAL</subfield>
      </datafield>
      <datafield tag="AVA" ind1=" " ind2=" ">
         <subfield code="a">NYU50</subfield>
         <subfield code="b">NISAW</subfield>
         <subfield code="c">Small Collection</subfield>
         <subfield code="d">DS747.35 .H37 2012</subfield>
         <subfield code="e">available</subfield>
         <subfield code="t">Available</subfield>
         <subfield code="f">1</subfield>
         <subfield code="g">0</subfield>
         <subfield code="h">N</subfield>
         <subfield code="i">0</subfield>
         <subfield code="j">SMALL</subfield>
         <subfield code="k">0</subfield>
      </datafield>
      <marc:datafield tag="852" ind1=" " ind2=" ">
         <marc:subfield code="b">Institute for the Study of the Ancient World, </marc:subfield>
         <marc:subfield code="c">Small Collection</marc:subfield>
         <marc:subfield code="e">15 East 84th St., </marc:subfield>
         <marc:subfield code="e">New York, NY  10028</marc:subfield>
      </marc:datafield>
   </record>