
  
  
  
  
 
  
  <record xsi:schemaLocation="http://www.loc.gov/MARC21/slim http://www.loc.gov/standards/marcxml/schema/MARC21slim.xsd">
      <leader>00000cam a22      a 4500</leader>
      <controlfield tag="FMT">BK</controlfield>
      <controlfield tag="LDR">00000cam a22      a 4500</controlfield>
      <controlfield tag="001">001846985</controlfield>
      <controlfield tag="005">20141209132108.0</controlfield>
      <controlfield tag="008">990312s1985    ir ahj   b    001 0 per d</controlfield>
      <datafield tag="035" ind1=" " ind2=" ">
         <subfield code="a">(OCoLC)189479804</subfield>
      </datafield>
      <datafield tag="040" ind1=" " ind2=" ">
         <subfield code="a">NjP</subfield>
         <subfield code="c">PAU</subfield>
         <subfield code="d">NNU</subfield>
      </datafield>
      <datafield tag="043" ind1=" " ind2=" ">
         <subfield code="a">a-ir---</subfield>
      </datafield>
      <datafield tag="050" ind1=" " ind2="4">
         <subfield code="a">DS325.Q6</subfield>
         <subfield code="b">M85 1985</subfield>
      </datafield>
      <datafield tag="100" ind1="1" ind2=" ">
         <subfield code="a">Modarressi Tabataba'i, Hossein</subfield>
         <subfield code="6">880-01</subfield>
      </datafield>
      <datafield tag="245" ind1="1" ind2="0">
         <subfield code="6">880-02</subfield>
         <subfield code="a">Qumʹnāmah :</subfield>
         <subfield code="b">(majmūʻah-ʼi maqālāt va mutūn dar bārah-ʼi Qum) /</subfield>
         <subfield code="c">Ḥusayn Mudarrisī Ṭabāṭabāʼī.</subfield>
      </datafield>
      <datafield tag="260" ind1=" " ind2=" ">
         <subfield code="6">880-03</subfield>
         <subfield code="a">[Qom :</subfield>
         <subfield code="b">s.n.],</subfield>
         <subfield code="c">1364 [1985]</subfield>
         <subfield code="e">(Qum :</subfield>
         <subfield code="f">Khayyām)</subfield>
      </datafield>
      <datafield tag="300" ind1=" " ind2=" ">
         <subfield code="a">412 p. :</subfield>
         <subfield code="b">ill., facsims., geneal. table ;</subfield>
         <subfield code="c">24 cm.</subfield>
      </datafield>
      <datafield tag="490" ind1="1" ind2=" ">
         <subfield code="6">880-04</subfield>
         <subfield code="a">Intishārāt-i Kitābkhānah-ʼi ʻUmūmī-i Ḥaz̤rat-i Āyat Allāh al-ʻUẓmá Najafī Marʻashī.</subfield>
         <subfield code="a">Fārsī ;</subfield>
         <subfield code="v">shumārah-ʼi 3</subfield>
      </datafield>
      <datafield tag="504" ind1=" " ind2=" ">
         <subfield code="a">Includes bibliographical references and indexes.</subfield>
      </datafield>
      <datafield tag="651" ind1=" " ind2="0">
         <subfield code="a">Qum (Iran)</subfield>
         <subfield code="6">880-05</subfield>
         <subfield code="x">History</subfield>
         <subfield code="x">Sources.</subfield>
      </datafield>
      <datafield tag="880" ind1="1" ind2=" ">
         <subfield code="6">100-01/</subfield>
         <subfield code="a">مدرسى طباطبائى، حسين.</subfield>
      </datafield>
      <datafield tag="880" ind1="1" ind2="0">
         <subfield code="6">245-02/</subfield>
         <subfield code="a">قم‌نامه :</subfield>
         <subfield code="b">(مجموعۀ مقالات و متون در بارۀ قم) /</subfield>
         <subfield code="c">حسين مدرسى طباطبائى.</subfield>
      </datafield>
      <datafield tag="880" ind1=" " ind2=" ">
         <subfield code="6">260-03/</subfield>
         <subfield code="a">[Qom :</subfield>
         <subfield code="b">s.n.]،</subfield>
         <subfield code="c">1364 [1985]</subfield>
         <subfield code="e">(قم :</subfield>
         <subfield code="f">خيام)</subfield>
      </datafield>
      <datafield tag="880" ind1="1" ind2=" ">
         <subfield code="6">490-04/</subfield>
         <subfield code="a">انتشارات كتابخانۀ عمومى حضرت آيت الله العظمى نجفى مرعشى.</subfield>
         <subfield code="a">فارسى ؛</subfield>
         <subfield code="v">شمارۀ 3</subfield>
      </datafield>
      <datafield tag="880" ind1=" " ind2="0">
         <subfield code="6">651-05/</subfield>
         <subfield code="a">قم (ايران).</subfield>
      </datafield>
      <datafield tag="830" ind1=" " ind2="0">
         <subfield code="a">Intishārāt-i Kitābkhānah-ʼi ʻUmūmī-i Ḥaz̤rat-i Āyat Allāh al-ʻUẓmá Najafī Marʻashī.</subfield>
      </datafield>
      <datafield tag="830" ind1=" " ind2="0">
         <subfield code="a">Intishārāt-i Kitābkhānah-ʼi ʻUmūmī-i Ḥaz̤rat-i Āyat Allāh al-ʻUẓmá Najafī Marʻashī.</subfield>
         <subfield code="p">Fārsī ;</subfield>
         <subfield code="v">shumārah-ʼi 3.</subfield>
      </datafield>
      <datafield tag="OWN" ind1=" " ind2=" ">
         <subfield code="a">GENERAL</subfield>
      </datafield>
      <datafield tag="AVA" ind1=" " ind2=" ">
         <subfield code="a">NYU50</subfield>
         <subfield code="b">BOBST</subfield>
         <subfield code="c">Main Collection</subfield>
         <subfield code="d">DS325.Q6 Q56 1985</subfield>
         <subfield code="e">unavailable</subfield>
         <subfield code="t">Unavailable</subfield>
         <subfield code="f">1</subfield>
         <subfield code="g">1</subfield>
         <subfield code="h">N</subfield>
         <subfield code="i">2</subfield>
         <subfield code="j">MAIN</subfield>
         <subfield code="k">0</subfield>
      </datafield>
      <datafield tag="AVA" ind1=" " ind2=" ">
         <subfield code="a">NYU50</subfield>
         <subfield code="b">NISAW</subfield>
         <subfield code="c">Small Collection</subfield>
         <subfield code="d">DS325.Q6 M85 1985</subfield>
         <subfield code="e">available</subfield>
         <subfield code="t">Available</subfield>
         <subfield code="f">1</subfield>
         <subfield code="g">0</subfield>
         <subfield code="h">N</subfield>
         <subfield code="i">0</subfield>
         <subfield code="j">SMALL</subfield>
         <subfield code="k">0</subfield>
      </datafield>
      <marc:datafield tag="852" ind1=" " ind2=" ">
         <marc:subfield code="b">Institute for the Study of the Ancient World, </marc:subfield>
         <marc:subfield code="c">Small Collection</marc:subfield>
         <marc:subfield code="e">15 East 84th St., </marc:subfield>
         <marc:subfield code="e">New York, NY  10028</marc:subfield>
      </marc:datafield>
   </record>