
  
  
  
  
  
 
  
  <record xsi:schemaLocation="http://www.loc.gov/MARC21/slim http://www.loc.gov/standards/marcxml/schema/MARC21slim.xsd">
      <leader>00000cam  2200637 a 4500</leader>
      <controlfield tag="FMT">BK</controlfield>
      <controlfield tag="LDR">00000cam  2200637 a 4500</controlfield>
      <controlfield tag="001">004073242</controlfield>
      <controlfield tag="003">OCoLC</controlfield>
      <controlfield tag="005">20141126093436.0</controlfield>
      <controlfield tag="008">141125s1989    cc a     b    100 0 chi</controlfield>
      <datafield tag="010" ind1=" " ind2=" ">
         <subfield code="a">91135465</subfield>
      </datafield>
      <datafield tag="020" ind1=" " ind2=" ">
         <subfield code="a">7501000735</subfield>
      </datafield>
      <datafield tag="020" ind1=" " ind2=" ">
         <subfield code="a">9787501000739</subfield>
      </datafield>
      <datafield tag="035" ind1=" " ind2=" ">
         <subfield code="a">(OCoLC)25204511</subfield>
      </datafield>
      <datafield tag="040" ind1=" " ind2=" ">
         <subfield code="a">DLC-R</subfield>
         <subfield code="b">eng</subfield>
         <subfield code="c">DLC</subfield>
         <subfield code="d">CALIS</subfield>
         <subfield code="d">OCLCO</subfield>
         <subfield code="d">OCLCF</subfield>
         <subfield code="d">ZYU</subfield>
         <subfield code="d">NNU</subfield>
      </datafield>
      <datafield tag="041" ind1="0" ind2=" ">
         <subfield code="a">chi</subfield>
         <subfield code="f">eng</subfield>
      </datafield>
      <datafield tag="043" ind1=" " ind2=" ">
         <subfield code="a">a------</subfield>
      </datafield>
      <datafield tag="050" ind1="0" ind2="0">
         <subfield code="a">DS11</subfield>
         <subfield code="b">.A78 1986</subfield>
      </datafield>
      <datafield tag="050" ind1=" " ind2="4">
         <subfield code="a">NK7983.22</subfield>
         <subfield code="b">.A78 1986</subfield>
      </datafield>
      <datafield tag="066" ind1=" " ind2=" ">
         <subfield code="c">$1</subfield>
      </datafield>
      <datafield tag="111" ind1="2" ind2=" ">
         <subfield code="a">Asian Regional Seminar on Conservation Techniques of Cultural Relics</subfield>
         <subfield code="d">(1986 :</subfield>
         <subfield code="c">Beijing, China)</subfield>
      </datafield>
      <datafield tag="245" ind1="1" ind2="0">
         <subfield code="6">880-01</subfield>
         <subfield code="a">Ya Zhou di qu wen wu bao hu ji shu tao lun hui lun wen ji /</subfield>
         <subfield code="c">Zhongguo wen wu bao hu ji shu xie hui bian.</subfield>
      </datafield>
      <datafield tag="250" ind1=" " ind2=" ">
         <subfield code="6">880-02</subfield>
         <subfield code="a">Di 1 ban.</subfield>
      </datafield>
      <datafield tag="260" ind1=" " ind2=" ">
         <subfield code="6">880-03</subfield>
         <subfield code="a">Beijing :</subfield>
         <subfield code="b">Wen wu chu ban she :</subfield>
         <subfield code="b">Xin hua shu dian fa xing,</subfield>
         <subfield code="c">1989.</subfield>
      </datafield>
      <datafield tag="300" ind1=" " ind2=" ">
         <subfield code="a">5, 207 p. :</subfield>
         <subfield code="b">ill. (some col) ;</subfield>
         <subfield code="c">21 cm.</subfield>
      </datafield>
      <datafield tag="500" ind1=" " ind2=" ">
         <subfield code="a">Includes articles translated from various languages.</subfield>
      </datafield>
      <datafield tag="546" ind1=" " ind2=" ">
         <subfield code="a">Table of contents also in English.</subfield>
      </datafield>
      <datafield tag="500" ind1=" " ind2=" ">
         <subfield code="a">Title in English on added t.p.: Asian Regional Seminar on Conservation Techniques of Cultural Relics academic reports.</subfield>
      </datafield>
      <datafield tag="504" ind1=" " ind2=" ">
         <subfield code="a">Includes bibliographical references.</subfield>
      </datafield>
      <datafield tag="520" ind1=" " ind2=" ">
         <subfield code="6">880-04</subfield>
         <subfield code="a">Ben shu hui ji le 1986 nian 4 yue zai Beijing zhao kai de " ya zhou di qu wen wu bao hu ji shu tao lun hui " lun wen er shi yi pian.</subfield>
      </datafield>
      <datafield tag="505" ind1="0" ind2="0">
         <subfield code="6">880-05</subfield>
         <subfield code="t">Zao "Ya Zhou di qu wen wu bao hu ji shu tao lun hui" shang de zhu ci dai qian yan /</subfield>
         <subfield code="r">Wang Shuzhuang --</subfield>
         <subfield code="t">Zai "Ya Zhou di qu wen wu bao hu ji shu tao lun hui" kai mu shi shang de jiang hua /</subfield>
         <subfield code="r">Zhou Gucheng --</subfield>
         <subfield code="t">Zhongguo qing togn qi de fu shi yu bao hu /</subfield>
         <subfield code="r">Lu Shoulin, Li Huayuan --</subfield>
         <subfield code="t">Tai guo wen wu bao hu /</subfield>
         <subfield code="r">Kaerpanshala・Jiangbosili --</subfield>
         <subfield code="t">Riben chu tu qing tong qi de bao hu /</subfield>
         <subfield code="r">Qingmufanfu --</subfield>
         <subfield code="t">Bajisitan de wen wu hao hu huo dong, te bie shi Laheer zhong xin kao gu shi yan shi de jin shu bao hu huo dong /</subfield>
         <subfield code="r">Lahemadula --</subfield>
         <subfield code="t">Gu dai qing tong qi de bao hu /</subfield>
         <subfield code="r">Feilixidade・Yiweite・Moer --</subfield>
         <subfield code="t">Miandian qing tong qi de bao hu /</subfield>
         <subfield code="r">Wubading --</subfield>
         <subfield code="t">Mengjiala hong tong he jin jin shu qi wu de bao hu /</subfield>
         <subfield code="r">S.A.M.Monuowa・Jiahan --</subfield>
         <subfield code="t">Lun Cao hou mu bian zhong, Xi niu zun, He zun de bao hu /</subfield>
         <subfield code="r">Song Man --</subfield>
         <subfield code="t">Zhongguo qing tong qi de xiu fu ji shu /</subfield>
         <subfield code="r">Zhao Zhenmao, Cao Jinglou --</subfield>
         <subfield code="t">Tong qi wen wu yu xi he bian zhong de ji guang quan xi shu /</subfield>
         <subfield code="r">Zhu Hongfan, Zhou Gengyu --</subfield>
         <subfield code="t">Zeng hou yi bian zhong de fu zhi yan jiu /</subfield>
         <subfield code="r">Cheng Zhongxing</subfield>
      </datafield>
      <datafield tag="505" ind1="0" ind2="0">
         <subfield code="6">880-06</subfield>
         <subfield code="t">Zhongguo shi ku si bao hu fang fa de xin jin zhan /</subfield>
         <subfield code="r">Yu Minqian, Huang Kezhong, Jian Ruiguang --</subfield>
         <subfield code="t">Mengjialaguo li bo wu guan de shi qi bao hu /</subfield>
         <subfield code="r">S.A.M.Monuowa・Jiahan --</subfield>
         <subfield code="t">Chanxian Minzhuzhuyi Renmin Gongheguo dui ju you yi shu jia zhi de shi ke de boa hu fang fa /</subfield>
         <subfield code="r">Xuan Renjun --</subfield>
         <subfield code="t">Yindu shi ke wen wu de bao hu /</subfield>
         <subfield code="r">S.Subalaman --</subfield>
         <subfield code="t">Shi qi bao hu wen ti /</subfield>
         <subfield code="r">B.S.Tapa --</subfield>
         <subfield code="t">Longmen shi ku Feng xian si jia gu gong cheng zhong ying yong gao fen zi cai liao de yan jiu /</subfield>
         <subfield code="r">Jiang Huaiying, Liu Jinglong --</subfield>
         <subfield code="t">Yungang shi ku jia gu gong cheng zhong fu nan gai xing huan yang shu zhi de ying yong yan jiu /</subfield>
         <subfield code="r">Jie Tingfan --</subfield>
         <subfield code="t">Chao shi huang jing xia shi ku yan lie si guan jing bu qiang cai liao de yan jiu /</subfield>
         <subfield code="r">Ma Jiayu --</subfield>
         <subfield code="t">Bing ling si Mai ji shan he Qingyang bei shi ku si shi ku feng hua yan jiu /</subfield>
         <subfield code="r">Li Zuixiong --</subfield>
         <subfield code="t">Shi zhi wen wu de bao hu /</subfield>
         <subfield code="r">Cai Run --</subfield>
         <subfield code="t">"Ya Zhou di qu wen wu bao hu ji shu tao lun hui" jue yi bao gao.</subfield>
      </datafield>
      <datafield tag="505" ind1="0" ind2="0">
         <subfield code="t">Congradulatory speech at the Asian Regional Seminar on Conservation Techniques of Cultural Relics (In lieu of a preface /</subfield>
         <subfield code="r">Wang Shuzhuang --</subfield>
         <subfield code="t">Speech by Mr. Zhou gu-cheng, Vice Chairman of the Standing Committee of the National Peoples Congress in the Opening Ceremony /</subfield>
         <subfield code="t">Corrosion and protection of Chinese bronze vessels /</subfield>
         <subfield code="r">Lu Shoulin, Li Huayuan --</subfield>
         <subfield code="t">Conservation of cultural property in Thailand /</subfield>
         <subfield code="r">Kulpanthada Janposri --</subfield>
         <subfield code="t">Conservation of excavated bronze objects in Japan /</subfield>
         <subfield code="r">Shigeo Aoki --</subfield>
         <subfield code="t">Conservation activities in Pakistan especially conservation of metals in the Central Archaeological Laboratory Lahore /</subfield>
         <subfield code="r">RehmatUllah --</subfield>
         <subfield code="t">The conservation of historical bronze objects</subfield>
         <subfield code="r">Felicidad Yvette More --</subfield>
         <subfield code="t">Conservation of bronze objects in Burma /</subfield>
         <subfield code="r">U Ba Ting</subfield>
         <subfield code="t">Conservation of copper based metal artifacts in Bangladesh /</subfield>
         <subfield code="r">S.A.M. Monowar Jahan --</subfield>
         <subfield code="t">The protection of bronzed relics: "The chime of bells Marquis of Cai" "The rhinoceros zun" and "The He zun" /</subfield>
         <subfield code="r">Song Man --</subfield>
         <subfield code="t">Restoration techniques of Chinese bronze /</subfield>
         <subfield code="r">Zhao Zhenmao --</subfield>
         <subfield code="t">Laser holography on relics of bronze "'Water spurtin basin" and "Bianzhon" (chime of bells) /</subfield>
         <subfield code="r">Zhu Hongfan, Zhou Gengyu --</subfield>
         <subfield code="t">Research on the reproduction of chime of bells of Marques of Zeng /</subfield>
         <subfield code="r">Chen Zhongxing --</subfield>
         <subfield code="t">New advances of methods for conservation of China's cave temples /</subfield>
         <subfield code="r">Yu Minggina, Huang Kezhong, Jia ruiguang --</subfield>
         <subfield code="t">Conservation of stone objects in Bangladesh National Museum /</subfield>
         <subfield code="r">S.A.M. Monowar Jahan --</subfield>
      </datafield>
      <datafield tag="505" ind1="0" ind2="0">
         <subfield code="t">On the method of conserving sculptured stones of artistic value in The Democratic People's Republic of Korea /</subfield>
         <subfield code="r">Hyon In Gyun --</subfield>
         <subfield code="t">Problems of stone conservation /</subfield>
         <subfield code="r">Bhimbar S. Thapa --</subfield>
         <subfield code="t">Study of the application of high-molecular materials to the consolidation of Fengxian Temple in Longmen Caves /</subfield>
         <subfield code="r">Jiang Huaiying, Liu Jinglong --</subfield>
         <subfield code="t">Studies on the application of furan modified epoxy resin to the consolidation of Yuangang Caves /</subfield>
         <subfield code="r">Xie Tingfan --</subfield>
         <subfield code="t">Research on grouting material to cracks of grotto country rock under wet condition /</subfield>
         <subfield code="r">Ma Jiayu --</subfield>
         <subfield code="t">Cave weathering research on caves of the Maiji Mountain, Bingling Temple and the North Cave Temple of Qingyang /</subfield>
         <subfield code="r">Li Zuixiong --</subfield>
         <subfield code="t">Conservation of stone relics /</subfield>
         <subfield code="r">Cai run --</subfield>
         <subfield code="t">Resolution report by Mr. Cai Xue-chang, Chairman of the Seminar at the Closing Ceremony of the Asian Regional Seminar on Conservation Techniques of Cultural Relics.</subfield>
      </datafield>
      <datafield tag="650" ind1=" " ind2="0">
         <subfield code="a">Cultural property</subfield>
         <subfield code="x">Protection</subfield>
         <subfield code="z">Asia</subfield>
         <subfield code="v">Congresses.</subfield>
      </datafield>
      <datafield tag="651" ind1=" " ind2="0">
         <subfield code="a">Asia</subfield>
         <subfield code="x">Civilization</subfield>
         <subfield code="v">Congresses.</subfield>
      </datafield>
      <datafield tag="650" ind1=" " ind2="7">
         <subfield code="a">Civilization.</subfield>
         <subfield code="2">fast</subfield>
         <subfield code="0">(OCoLC)fst00862898</subfield>
      </datafield>
      <datafield tag="650" ind1=" " ind2="7">
         <subfield code="a">Cultural property</subfield>
         <subfield code="x">Protection.</subfield>
         <subfield code="2">fast</subfield>
         <subfield code="0">(OCoLC)fst00885019</subfield>
      </datafield>
      <datafield tag="651" ind1=" " ind2="7">
         <subfield code="a">Asia.</subfield>
         <subfield code="2">fast</subfield>
         <subfield code="0">(OCoLC)fst01240495</subfield>
      </datafield>
      <datafield tag="655" ind1=" " ind2="7">
         <subfield code="a">Conference proceedings.</subfield>
         <subfield code="2">fast</subfield>
         <subfield code="0">(OCoLC)fst01423772</subfield>
      </datafield>
      <datafield tag="710" ind1="2" ind2=" ">
         <subfield code="a">Zhongguo wen wu bao hu ji shu xie hui</subfield>
         <subfield code="6">880-07</subfield>
      </datafield>
      <datafield tag="740" ind1="0" ind2=" ">
         <subfield code="a">Asian Regional Seminar on Conservation Techniques of Cultural Relics academic reports.</subfield>
      </datafield>
      <datafield tag="776" ind1="0" ind2="8">
         <subfield code="i">Online version:</subfield>
         <subfield code="a">Asian Regional Seminar on Conservation Techniques of Cultural Relics (1986 : Beijing, China)</subfield>
         <subfield code="t">Yazhou di qu wen wu bao hu ji shu tao lun hui lun wen ji.</subfield>
         <subfield code="b">Di 1 ban.</subfield>
         <subfield code="d">Beijing : Wen wu chu ban she : Xin hua shu dian fa xing, 1989</subfield>
         <subfield code="w">(OCoLC)607909636</subfield>
      </datafield>
      <datafield tag="880" ind1="1" ind2="0">
         <subfield code="6">245-01/</subfield>
         <subfield code="a">亜洲地区文物保护技术讨論会論文集 /</subfield>
         <subfield code="c">中国文物保护技术协会编.</subfield>
      </datafield>
      <datafield tag="880" ind1=" " ind2=" ">
         <subfield code="6">250-02/</subfield>
         <subfield code="a">第1版.</subfield>
      </datafield>
      <datafield tag="880" ind1=" " ind2=" ">
         <subfield code="6">260-03/</subfield>
         <subfield code="a">北京 :</subfield>
         <subfield code="b">文物出版社 :</subfield>
         <subfield code="b">新华书店发行,</subfield>
         <subfield code="c">1989.</subfield>
      </datafield>
      <datafield tag="880" ind1=" " ind2=" ">
         <subfield code="6">520-04/</subfield>
         <subfield code="a">本书汇集了1986年4月在北京召开的"亜洲地区文物保护技术讨論会"论文二十一篇.</subfield>
      </datafield>
      <datafield tag="880" ind1="0" ind2="0">
         <subfield code="6">505-05/</subfield>
         <subfield code="a">在《亜洲地区文物保护技术讨論会》上的祝词代前言 /</subfield>
         <subfield code="r">王书庄 --</subfield>
         <subfield code="t">在《亜洲地区文物保护技术讨論会》开幕式上的讲话 /</subfield>
         <subfield code="r">周谷城 --</subfield>
         <subfield code="t">中国青铜器的腐蚀与保护 /</subfield>
         <subfield code="r">陆寿麟, 李化元 --</subfield>
         <subfield code="t">泰国文物保护 /</subfield>
         <subfield code="r">卡尔盼莎达・姜波斯里 --</subfield>
         <subfield code="t">日本出土青铜器的保护 /</subfield>
         <subfield code="r">青木繁夫 --</subfield>
         <subfield code="t">巴基斯坦的文物保护活动，特别是拉合尔中心考古实验室的金属保护活动 /</subfield>
         <subfield code="r">拉赫马杜拉 --</subfield>
         <subfield code="t">古代青铜器的保护 /</subfield>
         <subfield code="r">菲莉西达德・伊维特・莫尔 --</subfield>
         <subfield code="t">缅甸青铜器的保护 /</subfield>
         <subfield code="r">吴巴顶 --</subfield>
         <subfield code="t">孟加拉红铜合金金属器物的保护 /</subfield>
         <subfield code="r">S.A.M.莫诺瓦・加汗 --</subfield>
         <subfield code="t">论蔡侯墓编钟，犀牛尊，何尊的保护 /</subfield>
         <subfield code="r">宋曼 --</subfield>
         <subfield code="t">中国青铜器的修复技术 /</subfield>
         <subfield code="r">赵振茂, 曹静楼 --</subfield>
         <subfield code="t">铜器文物鱼洗河编钟的激光全息术 /</subfield>
         <subfield code="r">祝鸿范, 周庚余 --</subfield>
         <subfield code="t">曾侯乙编钟的复制研究 /</subfield>
         <subfield code="r">陈中行</subfield>
      </datafield>
      <datafield tag="880" ind1="0" ind2="0">
         <subfield code="6">505-06/</subfield>
         <subfield code="t">中国石窟寺保护方法的新进展 /</subfield>
         <subfield code="r">余鸣谦, 黄克忠, 贾瑞广 --</subfield>
         <subfield code="t">孟加拉国立博物馆的石器保护 /</subfield>
         <subfield code="r">S.A.M.莫诺瓦・加汗 --</subfield>
         <subfield code="t">朝鲜民主主义人民共和国对具有艺术价值的石刻的保护方法 /</subfield>
         <subfield code="r">玄仁均 --</subfield>
         <subfield code="t">印度石刻的文物保护 /</subfield>
         <subfield code="r">S.苏巴拉曼 --</subfield>
         <subfield code="t">石器保护问题 /</subfield>
         <subfield code="r">B.S.塔帕 --</subfield>
         <subfield code="t">龙门石窟奉先寺加固工程中应用高分子材料的研究 /</subfield>
         <subfield code="r">姜怀英, 刘景龙 --</subfield>
         <subfield code="t">云冈石窟加固工程中呋喃改性环氧树脂的应用研究 /</subfield>
         <subfield code="r">解廷藩 --</subfield>
         <subfield code="t">潮湿环境下石窟围岩裂隙灌浆补强材料的研究 /</subfield>
         <subfield code="r">马家郁 --</subfield>
         <subfield code="t">炳灵寺麦积山和庆阳北石窟寺石窟风化研究 /</subfield>
         <subfield code="r">李最雄 --</subfield>
         <subfield code="t">石质文物的保护 /</subfield>
         <subfield code="r">蔡润 --</subfield>
         <subfield code="t">《亜洲地区文物保护技术讨論会》决议报告.</subfield>
      </datafield>
      <datafield tag="880" ind1="2" ind2=" ">
         <subfield code="6">710-07/</subfield>
         <subfield code="a">中国文物保护技术协会.</subfield>
      </datafield>
      <datafield tag="994" ind1=" " ind2=" ">
         <subfield code="a">Z0</subfield>
         <subfield code="b">ZYU</subfield>
      </datafield>
      <datafield tag="OWN" ind1=" " ind2=" ">
         <subfield code="a">GENERAL</subfield>
      </datafield>
      <datafield tag="AVA" ind1=" " ind2=" ">
         <subfield code="a">NYU50</subfield>
         <subfield code="b">NISAW</subfield>
         <subfield code="c">Small Collection</subfield>
         <subfield code="d">NK7983.22 .A78 1986</subfield>
         <subfield code="e">available</subfield>
         <subfield code="t">Available</subfield>
         <subfield code="f">1</subfield>
         <subfield code="g">0</subfield>
         <subfield code="h">N</subfield>
         <subfield code="i">0</subfield>
         <subfield code="j">SMALL</subfield>
         <subfield code="k">0</subfield>
      </datafield>
      <marc:datafield tag="852" ind1=" " ind2=" ">
         <marc:subfield code="b">Institute for the Study of the Ancient World, </marc:subfield>
         <marc:subfield code="c">Small Collection</marc:subfield>
         <marc:subfield code="e">15 East 84th St., </marc:subfield>
         <marc:subfield code="e">New York, NY  10028</marc:subfield>
      </marc:datafield>
   </record>