
  
  
  
  
  
 
  
  <record xsi:schemaLocation="http://www.loc.gov/MARC21/slim http://www.loc.gov/standards/marcxml/schema/MARC21slim.xsd">
      <leader>00000cam  2200253 a 4500</leader>
      <controlfield tag="FMT">BK</controlfield>
      <controlfield tag="LDR">00000cam  2200253 a 4500</controlfield>
      <controlfield tag="001">004073255</controlfield>
      <controlfield tag="003">OCoLC</controlfield>
      <controlfield tag="005">20141125135436.0</controlfield>
      <controlfield tag="008">141125m19171918gw acf   b    010 0 ger</controlfield>
      <datafield tag="035" ind1=" " ind2=" ">
         <subfield code="a">(OCoLC)626389318</subfield>
      </datafield>
      <datafield tag="040" ind1=" " ind2=" ">
         <subfield code="a">DLC</subfield>
         <subfield code="c">AUD</subfield>
         <subfield code="d">OCLCF</subfield>
         <subfield code="d">OCLCO</subfield>
         <subfield code="d">NNU</subfield>
      </datafield>
      <datafield tag="043" ind1=" " ind2=" ">
         <subfield code="a">a------</subfield>
         <subfield code="a">aw-----</subfield>
      </datafield>
      <datafield tag="050" ind1=" " ind2="4">
         <subfield code="a">DS62.2</subfield>
         <subfield code="b">.O74 1917</subfield>
      </datafield>
      <datafield tag="245" ind1="0" ind2="0">
         <subfield code="a">Orientalische Studien :</subfield>
         <subfield code="b">Fritz Hommel, zum sechzigsten Geburtstag am 31. Juli 1914 /</subfield>
         <subfield code="c">gewidmet von Freunden, Kollegen und Schülern.</subfield>
      </datafield>
      <datafield tag="260" ind1=" " ind2=" ">
         <subfield code="a">Leipzig :</subfield>
         <subfield code="b">J. C. Hinrichs'sche Buchhandlung,</subfield>
         <subfield code="c">1917-1918.</subfield>
      </datafield>
      <datafield tag="300" ind1=" " ind2=" ">
         <subfield code="a">2 v. in 1 :</subfield>
         <subfield code="b">ill., port., plates ;</subfield>
         <subfield code="c">26 cm.</subfield>
      </datafield>
      <datafield tag="500" ind1=" " ind2=" ">
         <subfield code="a">ISAW copy is from the Library of Hayim and Miriam Tadmor.</subfield>
         <subfield code="5">NNU</subfield>
      </datafield>
      <datafield tag="504" ind1=" " ind2=" ">
         <subfield code="a">Includes bibliographical references.</subfield>
      </datafield>
      <datafield tag="505" ind1="0" ind2="0">
         <subfield code="g">I. Bd.</subfield>
         <subfield code="t">Kunsthistorische Studie zum Babelturm-Problem /</subfield>
         <subfield code="r">Dombart, Th. --</subfield>
         <subfield code="t">Babylonsiche Beschwörung gegen Balästigung durch Hunde /</subfield>
         <subfield code="r">Ebeling, Erich --</subfield>
         <subfield code="t">Zwei altbabylonische Opferlisten /</subfield>
         <subfield code="r">Förtsch, Wilhelm --</subfield>
         <subfield code="t">Der elamische Gott Memnon /</subfield>
         <subfield code="r">Hüsing, Georg --</subfield>
         <subfield code="t">Die sogenannten Kedorlaomer-Texte /</subfield>
         <subfield code="r">Jeremias, Alfred --</subfield>
         <subfield code="t">Festlied zum Einzug des Königs in Êanna /</subfield>
         <subfield code="r">Kinscherf, Ludwig --</subfield>
         <subfield code="t">Das assyrisch-babylonsiches Pantheon im vierten Jahrh. n. Chr. /</subfield>
         <subfield code="r">Landersdorfer, Simon --</subfield>
         <subfield code="t">Muṣaṣir und der achte Feldzug Sargons II (714 v. Chr.) /</subfield>
         <subfield code="r">Lehmann-Haupt, C.F. --</subfield>
         <subfield code="t">Beamte als Stifter von Götterstatuen /</subfield>
         <subfield code="r">Meissner, Bruno --</subfield>
         <subfield code="t">Der Titel "Sohn der Gottheit" /</subfield>
         <subfield code="r">Paffrath, P. Th. --</subfield>
         <subfield code="t">Einige Bemerkungen zur altbabylonischen Geschichte /</subfield>
         <subfield code="r">Peiser, Felix E. --</subfield>
         <subfield code="t">Eine Götterliste für den Schulgebrauch /</subfield>
         <subfield code="r">Schroeder, Otto --</subfield>
         <subfield code="t">Zu den Reliefs und Inschriften von Balawat /</subfield>
         <subfield code="r">Unger, Eckhard --</subfield>
         <subfield code="t">Zur babylonischen Eingeweideschau : Zugleich ein Beitrag zur Geschichte des Labyrinths /</subfield>
         <subfield code="r">Weidner, Ernst F. --</subfield>
         <subfield code="t">Was bedeutet parṣu? /</subfield>
         <subfield code="r">Witzel, Maurus --</subfield>
         <subfield code="t">Marduks (Ellis, Aššurs) Geburt im babylonischen Welt-schöpfungsepos /</subfield>
         <subfield code="r">Zimmern, Heinrich --</subfield>
         <subfield code="t">Die Rangordnung unter den Tempelverwaltern in Lagaš zur Zeit der Könige von Ur /</subfield>
         <subfield code="r">Deimel, Anton --</subfield>
         <subfield code="t">Etrukische fala(n)dum=lateinische pălātum und ein alter Name des Himmelsgottes /</subfield>
         <subfield code="r">Hommel, Eberhard --</subfield>
         <subfield code="t">Uber die nordarabischen Götter /</subfield>
         <subfield code="r">Nielsen, Ditlef --</subfield>
         <subfield code="t">Tierkreise auf westafrikanischen Kalebassen /</subfield>
         <subfield code="r">Bork, Ferdinand --</subfield>
         <subfield code="t">Die Stimmen des Wettergottes /</subfield>
         <subfield code="r">Röck, Fritz --</subfield>
         <subfield code="t">Die Zwillingsbrüder /</subfield>
         <subfield code="r">Schultz, Wolfgang --</subfield>
         <subfield code="t">Drei Geister als Boten des Zauberers /</subfield>
         <subfield code="r">Erman, Adolf --</subfield>
         <subfield code="t">Der Name der Phönizier bei Griechen und Ägypten /</subfield>
         <subfield code="r">Sethe, Kurt.</subfield>
      </datafield>
      <datafield tag="505" ind1="0" ind2="0">
         <subfield code="9"/>
         <subfield code="g">II. Bd.</subfield>
         <subfield code="t">Tohuwabohu /</subfield>
         <subfield code="r">Caspari, Wilhelm --</subfield>
         <subfield code="t">Jahves Hochzeit mit der Sonne /</subfield>
         <subfield code="r">Eisler, Robert --</subfield>
         <subfield code="t">Zu Genesis 37,9-11 /</subfield>
         <subfield code="r">Gottsberger, Johann --</subfield>
         <subfield code="t">[Tsalmaveth] /</subfield>
         <subfield code="r">Hehn, Johannes --</subfield>
         <subfield code="t">Voraussetzungen und Entwlcklungsphasen in den Berichten über David /</subfield>
         <subfield code="r">Niebuhr, Carl --</subfield>
         <subfield code="t">Neue Analekten zur Textkritik des Alten Testaments /</subfield>
         <subfield code="r">Perles, Felix --</subfield>
         <subfield code="t">Consecratio /</subfield>
         <subfield code="r">Bernhart, Max --</subfield>
         <subfield code="t">Die Körperhaltung beim Gebet /</subfield>
         <subfield code="r">Heiler, Friedrich --</subfield>
         <subfield code="t">Zu Sure 96, 1-5 /</subfield>
         <subfield code="r">Dyroff, Karl --</subfield>
         <subfield code="t">Ein Schutzbrief Muḥammeds für die Christen, aus dem Münchener Cod. arab. 210b /</subfield>
         <subfield code="r">Graf, Georg --</subfield>
         <subfield code="t">Die arabischen Handschriften der Sammlung Glaser in der königl. Hof- und Staatsbibliothek zu München /</subfield>
         <subfield code="r">Gratzl, Emil --</subfield>
         <subfield code="t">Das Privileg Selims I für die Venezianer von 1517 /</subfield>
         <subfield code="r">Hartmann Martin --</subfield>
         <subfield code="t">Die arabischen Inschriften der Propheten-Moschee in Medina /</subfield>
         <subfield code="r">Sobernheim, Moritz --</subfield>
         <subfield code="t">Zwei arabische Lieder aus Babylon /</subfield>
         <subfield code="r">Weissbach, F.H. --</subfield>
         <subfield code="t">Eine äthiopische Darstellung der Abgar-Legende /</subfield>
         <subfield code="r">Haffner, August --</subfield>
         <subfield code="t">Onomastisches in einem armenischen Homerlexikon? /</subfield>
         <subfield code="r">Wutz, Franz --</subfield>
         <subfield code="t">Turcica /</subfield>
         <subfield code="r">Bang, W. --</subfield>
         <subfield code="t">Die Memoiren Kücük Saʻid Paša's, ehemaligen osmanischen Grosswesirs (gestorben am 1. März 1914) /</subfield>
         <subfield code="r">Süssheim, Karl --</subfield>
         <subfield code="t">Über den Namen "Ubychen" /</subfield>
         <subfield code="r">Dirr, A.. --</subfield>
         <subfield code="t">Ephodentscheid und Prophetenrede /</subfield>
         <subfield code="r">Grimme, Hubert --</subfield>
         <subfield code="t">Der Brunnen der ewigen Jugend /</subfield>
         <subfield code="r">von Spiess, Karl --</subfield>
         <subfield code="t">Königs Athothis asiatischer Feldzug /</subfield>
         <subfield code="r">Borchardt, Ludwig --</subfield>
         <subfield code="t">Zur babylonischen Astronomie /</subfield>
         <subfield code="r">Lindl, Ernest --</subfield>
         <subfield code="t">Primitive Türen und Türverschlüsse /</subfield>
         <subfield code="r">von Luschan, Felix --</subfield>
         <subfield code="t">Altorientalische Kultgeräte /</subfield>
         <subfield code="r">Weber, Otto.</subfield>
      </datafield>
      <datafield tag="651" ind1=" " ind2="0">
         <subfield code="a">Middle East</subfield>
         <subfield code="x">Antiquities.</subfield>
      </datafield>
      <datafield tag="650" ind1=" " ind2="7">
         <subfield code="a">Antiquities.</subfield>
         <subfield code="2">fast</subfield>
         <subfield code="0">(OCoLC)fst00810745</subfield>
      </datafield>
      <datafield tag="651" ind1=" " ind2="7">
         <subfield code="a">Asia</subfield>
         <subfield code="z">Orient.</subfield>
         <subfield code="2">fast</subfield>
         <subfield code="0">(OCoLC)fst01243621</subfield>
      </datafield>
      <datafield tag="651" ind1=" " ind2="7">
         <subfield code="a">Middle East.</subfield>
         <subfield code="2">fast</subfield>
         <subfield code="0">(OCoLC)fst01241586</subfield>
      </datafield>
      <datafield tag="796" ind1="1" ind2=" ">
         <subfield code="a">Tadmor, Hayim,</subfield>
         <subfield code="e">former owner.</subfield>
      </datafield>
      <datafield tag="796" ind1="1" ind2=" ">
         <subfield code="a">Tadmor, Miriam,</subfield>
         <subfield code="e">former owner.</subfield>
      </datafield>
      <datafield tag="797" ind1="2" ind2=" ">
         <subfield code="a">Tadmor Collection.</subfield>
      </datafield>
      <datafield tag="700" ind1="1" ind2=" ">
         <subfield code="a">Hommel, Fritz,</subfield>
         <subfield code="d">1854-1936.</subfield>
      </datafield>
      <datafield tag="994" ind1=" " ind2=" ">
         <subfield code="a">Z0</subfield>
         <subfield code="b">ZYU</subfield>
      </datafield>
      <datafield tag="OWN" ind1=" " ind2=" ">
         <subfield code="a">GENERAL</subfield>
      </datafield>
      <datafield tag="AVA" ind1=" " ind2=" ">
         <subfield code="a">NYU50</subfield>
         <subfield code="b">NISAW</subfield>
         <subfield code="c">Small Collection</subfield>
         <subfield code="d">DS62.2 .O74 1917</subfield>
         <subfield code="e">available</subfield>
         <subfield code="t">Available</subfield>
         <subfield code="f">1</subfield>
         <subfield code="g">0</subfield>
         <subfield code="h">N</subfield>
         <subfield code="i">0</subfield>
         <subfield code="j">SMALL</subfield>
         <subfield code="k">0</subfield>
      </datafield>
      <marc:datafield tag="852" ind1=" " ind2=" ">
         <marc:subfield code="b">Institute for the Study of the Ancient World, </marc:subfield>
         <marc:subfield code="c">Small Collection</marc:subfield>
         <marc:subfield code="e">15 East 84th St., </marc:subfield>
         <marc:subfield code="e">New York, NY  10028</marc:subfield>
      </marc:datafield>
   </record>