
  
  
  
  
  
 
  
  <record xsi:schemaLocation="http://www.loc.gov/MARC21/slim http://www.loc.gov/standards/marcxml/schema/MARC21slim.xsd">
      <leader>00000nam a22      i 4500</leader>
      <controlfield tag="FMT">BK</controlfield>
      <controlfield tag="LDR">00000nam a22      i 4500</controlfield>
      <controlfield tag="001">004073266</controlfield>
      <controlfield tag="005">20141125151035.0</controlfield>
      <controlfield tag="008">141125s2008    cc ab    b    000 0 chi d</controlfield>
      <datafield tag="020" ind1=" " ind2=" ">
         <subfield code="a">9787501023301</subfield>
      </datafield>
      <datafield tag="020" ind1=" " ind2=" ">
         <subfield code="a">7501023301</subfield>
      </datafield>
      <datafield tag="040" ind1=" " ind2=" ">
         <subfield code="a">NNU</subfield>
         <subfield code="b">eng</subfield>
         <subfield code="c">NNU</subfield>
         <subfield code="e">rda</subfield>
      </datafield>
      <datafield tag="043" ind1=" " ind2=" ">
         <subfield code="a">a-cc-su</subfield>
      </datafield>
      <datafield tag="050" ind1=" " ind2="4">
         <subfield code="a">DS793.S62</subfield>
         <subfield code="b">X575 2008</subfield>
      </datafield>
      <datafield tag="066" ind1=" " ind2=" ">
         <subfield code="c">$1</subfield>
      </datafield>
      <datafield tag="245" ind1="0" ind2="0">
         <subfield code="6">880-01</subfield>
         <subfield code="a">Xinjiang shi qi shi dai yu qing tong shi dai /</subfield>
         <subfield code="c">Wang Renxiang, Cong Dexin zhu bian ; Zhongguo she hui ke xue yuan bian jiang kao gu yan jiu zhong xin bian.</subfield>
      </datafield>
      <datafield tag="250" ind1=" " ind2=" ">
         <subfield code="6">880-02</subfield>
         <subfield code="a">Di 1 ban.</subfield>
      </datafield>
      <datafield tag="264" ind1=" " ind2="1">
         <subfield code="6">880-03</subfield>
         <subfield code="a">Beijing :</subfield>
         <subfield code="b">Wen wu chu ban she,</subfield>
         <subfield code="c">2008.</subfield>
      </datafield>
      <datafield tag="300" ind1=" " ind2=" ">
         <subfield code="a">445 pages :</subfield>
         <subfield code="b">illustrations, maps ;</subfield>
         <subfield code="c">26 cm.</subfield>
      </datafield>
      <datafield tag="336" ind1=" " ind2=" ">
         <subfield code="a">text</subfield>
         <subfield code="b">txt</subfield>
         <subfield code="2">rdacontent</subfield>
      </datafield>
      <datafield tag="337" ind1=" " ind2=" ">
         <subfield code="a">unmediated</subfield>
         <subfield code="b">n</subfield>
         <subfield code="2">rdamedia</subfield>
      </datafield>
      <datafield tag="338" ind1=" " ind2=" ">
         <subfield code="a">volume</subfield>
         <subfield code="b">nc</subfield>
         <subfield code="2">rdacarrier</subfield>
      </datafield>
      <datafield tag="490" ind1="1" ind2=" ">
         <subfield code="6">880-04</subfield>
         <subfield code="a">Zhongguo bian jiang min zu kao gu wen ku</subfield>
      </datafield>
      <datafield tag="520" ind1=" " ind2=" ">
         <subfield code="6">880-05</subfield>
         <subfield code="a">Ben wen ji shou lu de er shi yu pian yan jiu lun wen, she ji dui Xinjiang Diqu shi qian ge jie duan kao gu xue wen hua de ming ming ji ren shi, qu yu kao gu xue wen hua yan jiu, ye she ji xi shi qi, tao qi, qing tong qi zhi zuo ji ye tong ye de fa zhan jie duan, yi ji ren lei xue, sheng tai huang jing deng fang mian de yan jiu, shi dui Xinjiang Diqu shi qian shi qi li shi hua juan de duo fang wei, duo jiao du de miao shu.</subfield>
      </datafield>
      <datafield tag="504" ind1=" " ind2=" ">
         <subfield code="a">Includes bibliographical references (pages [439]-445).</subfield>
      </datafield>
      <datafield tag="505" ind1="0" ind2="0">
         <subfield code="6">880-06</subfield>
         <subfield code="t">Jian guo yi lai Xinjiang kao gu de zhu yao shou huo /</subfield>
         <subfield code="r">Mo Minghua --</subfield>
         <subfield code="t">Xinjiang chu tu cai tao /</subfield>
         <subfield code="r">Wang Binghua --</subfield>
         <subfield code="t">Guang yu Xinjiang shi qi shi dai wen hua de xin ren shi /</subfield>
         <subfield code="r">Cheng Ge --</subfield>
         <subfield code="t">Xinjiang Diqu qing tong shi dai kao gu wen hua shi xu /</subfield>
         <subfield code="r">Wang Binghua --</subfield>
         <subfield code="t">Guan yu Xinjiang Diqu de qing tong shi dai he zao qi tie qi shi dai wen hua /</subfield>
         <subfield code="r">Chen Ge --</subfield>
         <subfield code="t">Lun Xinjaing shi qian kao gu wen hua de fa zhan jie duan /</subfield>
         <subfield code="r">Zhang Chuan --</subfield>
         <subfield code="t">Lun Xinjiang gu dai min zu kao gu wen hua /</subfield>
         <subfield code="r">Mu Shunying, Wang Mingzhe --</subfield>
         <subfield code="t">Xinjiang Diqu xi shi qi yi cun /</subfield>
         <subfield code="r">Yidilisi・Abuduresule --</subfield>
         <subfield code="t">Kongque He gu mu gou fa jue ji qi chu bu yan jiu /</subfield>
         <subfield code="r">Wang Binghua --</subfield>
         <subfield code="t">Tian Shan Alagou kao gu kao cha yu yan jiu /</subfield>
         <subfield code="r">Zhang Yuzhong --</subfield>
         <subfield code="t">Hami Yanbulake mu zang de fen qi wen ti /</subfield>
         <subfield code="r">Wang Bo, Tan Dahai --</subfield>
         <subfield code="t">Xinjiang Chuwuhugou wen hua ruo gan wen ti yan jiu /</subfield>
         <subfield code="r">Cong Dexin --</subfield>
         <subfield code="t">Talimu Pendi ji qi zhou wei de qing tong wen hua yi cun /</subfield>
         <subfield code="r">An Zhimin --</subfield>
         <subfield code="t">Zhungeger Pendi zhou yuan di qu chu tu tong qi chu tan /</subfield>
         <subfield code="r">Li Xiao, Dang Tong --</subfield>
      </datafield>
      <datafield tag="505" ind1="0" ind2="0">
         <subfield code="6">880-07</subfield>
         <subfield code="t">Zhongguo zao qi tong jing qi yuan yan jiu: Zhongguo zao qi tong jing yuan yu Xi yu shuo /</subfield>
         <subfield code="r">Liu Xuetang --</subfield>
         <subfield code="t">Qing tong fu zai Ou Ya da lu de chu chuan /</subfield>
         <subfield code="r">Guo Wu --</subfield>
         <subfield code="t">Xinjiang qing tong shi dai zhu wen hua de bi jiao yan jiu: fu lun zao qi Zhong Xi wen hua jiao liu de li shi jin cheng /</subfield>
         <subfield code="r">Shui Tao --</subfield>
         <subfield code="t">Xinjiang Diqu zao qi tong qi lu lun /</subfield>
         <subfield code="r">Gong Guoqiang --</subfield>
         <subfield code="t">Xinjiang qing tong shi dai kao gu wen hua qian lun /</subfield>
         <subfield code="r">Lu Enguo, Chang Xi'en, Wang Binghua --</subfield>
         <subfield code="t">Xinjiang dong bu di qu chu tu zao qi tong qi de chu bu fen xi he yan jiu /</subfield>
         <subfield code="r">Mei Jianjun, Liu guorui, Chang Xi'en --</subfield>
         <subfield code="t">Xibei yu Zhongyuan zao qi ye tong he de qu yu te zheng ji jiao hu zuo yong /</subfield>
         <subfield code="r">Li Shuicheng --</subfield>
         <subfield code="t">Talimu Pendi kao gu fa xian yu sheng tai huan jing bian qian yan jiu /</subfield>
         <subfield code="r">Xiao Xiaoyong --</subfield>
         <subfield code="t">Xinjiang gu dai ju min zhong zu ren lei xue yan jiu /</subfield>
         <subfield code="r">Han Kangxin --</subfield>
         <subfield code="t">Xinjiang Diqu shi qi shi dai一Qing tong shi dai kao gu wen xian mu lu suo yin.</subfield>
      </datafield>
      <datafield tag="650" ind1=" " ind2="0">
         <subfield code="a">Neolithic period</subfield>
         <subfield code="6">880-08</subfield>
         <subfield code="z">China</subfield>
         <subfield code="z">Xinjiang Uygur Zizhiqu.</subfield>
      </datafield>
      <datafield tag="650" ind1=" " ind2="0">
         <subfield code="a">Bronze age</subfield>
         <subfield code="6">880-09</subfield>
         <subfield code="z">China</subfield>
         <subfield code="z">Xinjiang Uygur Zizhiqu.</subfield>
      </datafield>
      <datafield tag="700" ind1="1" ind2=" ">
         <subfield code="a">Wang, Renxiang,</subfield>
         <subfield code="d">1950-</subfield>
         <subfield code="6">880-10</subfield>
         <subfield code="e">editor.</subfield>
      </datafield>
      <datafield tag="700" ind1="1" ind2=" ">
         <subfield code="a">Cong, Dexin</subfield>
         <subfield code="6">880-11</subfield>
         <subfield code="e">editor.</subfield>
      </datafield>
      <datafield tag="710" ind1="2" ind2=" ">
         <subfield code="a">Zhongguo she hui ke xue yuan.</subfield>
         <subfield code="b">Bian jiang kao gu yan jiu zhong xin</subfield>
         <subfield code="6">880-12</subfield>
         <subfield code="e">editor.</subfield>
      </datafield>
      <datafield tag="880" ind1="0" ind2="0">
         <subfield code="6">245-01/</subfield>
         <subfield code="a">新疆石器时代与青铜时代 /</subfield>
         <subfield code="c">王仁湘，丛德新主编 ; 中国社会科学院边疆考古研究中心编.</subfield>
      </datafield>
      <datafield tag="880" ind1=" " ind2=" ">
         <subfield code="6">250-02/</subfield>
         <subfield code="a">第1版.</subfield>
      </datafield>
      <datafield tag="880" ind1=" " ind2="1">
         <subfield code="6">264-03/</subfield>
         <subfield code="a">北京 :</subfield>
         <subfield code="b">文物出版社,</subfield>
         <subfield code="c">2008.</subfield>
      </datafield>
      <datafield tag="880" ind1="1" ind2=" ">
         <subfield code="6">490-04/</subfield>
         <subfield code="a">中国边疆民族考古文库</subfield>
      </datafield>
      <datafield tag="880" ind1=" " ind2=" ">
         <subfield code="6">520-05/</subfield>
         <subfield code="a">本文集收录的二十余篇研究论文，涉及对新疆地区史前各阶段考古学文化的命名及认识、区域考古学文化研究，也涉及细石器、陶器、青铜器制作及冶铜业的发展阶段研究，以及人类学、生态环境等方面的研究，是对新疆地区史前时期历史画卷的多方位、多角度的描述。</subfield>
      </datafield>
      <datafield tag="880" ind1="0" ind2="0">
         <subfield code="6">505-06/</subfield>
         <subfield code="t">建国以来新疆考古的主要收获 /</subfield>
         <subfield code="r">莫明华 --</subfield>
         <subfield code="t">新疆出土彩陶 /</subfield>
         <subfield code="r">王炳华 --</subfield>
         <subfield code="t">关于新疆石器时代文化的新认识 /</subfield>
         <subfield code="r">陈戈 --</subfield>
         <subfield code="t">新疆地区青铜时代考古文化试析 /</subfield>
         <subfield code="r">王炳华 --</subfield>
         <subfield code="t">关于新疆地区的青铜时代和早期铁器时代文化 /</subfield>
         <subfield code="r">陈戈 --</subfield>
         <subfield code="t">论新疆史前考古文化的发展阶段 /</subfield>
         <subfield code="r">张川 --</subfield>
         <subfield code="t">论新疆古代民族考古文化 /</subfield>
         <subfield code="r">穆舜英, 王明哲 --</subfield>
         <subfield code="t">新疆地区细石器遗存 /</subfield>
         <subfield code="r">伊弟利斯・阿卜杜热苏勒 --</subfield>
         <subfield code="t">孔雀河古墓沟发掘及其初步研究 /</subfield>
         <subfield code="r">王炳华 --</subfield>
         <subfield code="t">天山阿拉沟考古考察与研究 /</subfield>
         <subfield code="r">张玉忠 --</subfield>
         <subfield code="t">哈密焉不拉克墓葬的分期问题 /</subfield>
         <subfield code="r">王博, 覃大海 --</subfield>
         <subfield code="t">新疆察吾乎沟文化若干问题研究 /</subfield>
         <subfield code="r">丛德新 --</subfield>
         <subfield code="t">塔里木盆地及其周围的青铜文化遗存 /</subfield>
         <subfield code="r">安志敏 --</subfield>
         <subfield code="t">准噶尔盆地周缘地区出土铜器初探 /</subfield>
         <subfield code="r">李肖, 党彤 --</subfield>
      </datafield>
      <datafield tag="880" ind1="0" ind2="0">
         <subfield code="6">505-07/</subfield>
         <subfield code="t">中国早期铜镜起源研究: 中国早期铜镜源于西域说 /</subfield>
         <subfield code="r">刘学堂 --</subfield>
         <subfield code="t">青铜镶在欧亚大陆的初传 /</subfield>
         <subfield code="r">郭物 --</subfield>
         <subfield code="t">新疆青铜时代诸文化的比较研究: 附论早期中西文化交流的历史进程 /</subfield>
         <subfield code="r">水涛 --</subfield>
         <subfield code="t">新疆地区早期铜器略论 /</subfield>
         <subfield code="r">龚国强 --</subfield>
         <subfield code="t">新疆青铜时代考古文化浅论 /</subfield>
         <subfield code="r">吕恩国, 常喜恩, 王炳华 --</subfield>
         <subfield code="t">新疆东部地区出土早期铜器的初步分析和研究 /</subfield>
         <subfield code="r">梅建军, 刘国瑞, 常喜恩 --</subfield>
         <subfield code="t">西北与中原早期冶铜业的区域特征及交互作用 /</subfield>
         <subfield code="r">李水城 --</subfield>
         <subfield code="t">塔里木盆地考古发现与生态环境变迁研究 /</subfield>
         <subfield code="r">肖小勇 --</subfield>
         <subfield code="t">新疆古代居民种族人类学研究 /</subfield>
         <subfield code="r">韩康信 --</subfield>
         <subfield code="t">新疆地区石器时代一青铜时代考古文献目录索引.</subfield>
      </datafield>
      <datafield tag="880" ind1=" " ind2="4">
         <subfield code="6">650-08/</subfield>
         <subfield code="a">Neolithic period</subfield>
         <subfield code="z">China</subfield>
         <subfield code="z">新疆维吾尔自治区</subfield>
      </datafield>
      <datafield tag="880" ind1=" " ind2="4">
         <subfield code="6">650-09/</subfield>
         <subfield code="a">Bronze age</subfield>
         <subfield code="z">China</subfield>
         <subfield code="z">新疆维吾尔自治区</subfield>
      </datafield>
      <datafield tag="880" ind1="1" ind2=" ">
         <subfield code="6">700-10/</subfield>
         <subfield code="a">王仁湘,</subfield>
         <subfield code="d">1950-</subfield>
         <subfield code="e">editor.</subfield>
      </datafield>
      <datafield tag="880" ind1="1" ind2=" ">
         <subfield code="6">700-11/</subfield>
         <subfield code="a">丛德新,</subfield>
         <subfield code="e">editor.</subfield>
      </datafield>
      <datafield tag="880" ind1="2" ind2=" ">
         <subfield code="6">710-12/</subfield>
         <subfield code="a">中国社会科学院.</subfield>
         <subfield code="b">边疆考古研究中心编,</subfield>
         <subfield code="e">editor.</subfield>
      </datafield>
      <datafield tag="830" ind1=" " ind2="0">
         <subfield code="a">Zhongguo bian jiang min zu kao gu wen ku</subfield>
         <subfield code="6">880-13</subfield>
      </datafield>
      <datafield tag="880" ind1=" " ind2="0">
         <subfield code="6">830-13/</subfield>
         <subfield code="a">中国边疆民族考古文库.</subfield>
      </datafield>
      <datafield tag="OWN" ind1=" " ind2=" ">
         <subfield code="a">GENERAL</subfield>
      </datafield>
      <datafield tag="AVA" ind1=" " ind2=" ">
         <subfield code="a">NYU50</subfield>
         <subfield code="b">NISAW</subfield>
         <subfield code="c">Small Collection</subfield>
         <subfield code="d">DS793.S62 X575 2008</subfield>
         <subfield code="e">available</subfield>
         <subfield code="t">Available</subfield>
         <subfield code="f">1</subfield>
         <subfield code="g">0</subfield>
         <subfield code="h">N</subfield>
         <subfield code="i">0</subfield>
         <subfield code="j">SMALL</subfield>
         <subfield code="k">0</subfield>
      </datafield>
      <marc:datafield tag="852" ind1=" " ind2=" ">
         <marc:subfield code="b">Institute for the Study of the Ancient World, </marc:subfield>
         <marc:subfield code="c">Small Collection</marc:subfield>
         <marc:subfield code="e">15 East 84th St., </marc:subfield>
         <marc:subfield code="e">New York, NY  10028</marc:subfield>
      </marc:datafield>
   </record>