
  
  
  
  
  
 
  
  <record xsi:schemaLocation="http://www.loc.gov/MARC21/slim http://www.loc.gov/standards/marcxml/schema/MARC21slim.xsd">
      <leader>00000cam a22      a 4500</leader>
      <controlfield tag="FMT">BK</controlfield>
      <controlfield tag="LDR">00000cam a22      a 4500</controlfield>
      <controlfield tag="001">004073362</controlfield>
      <controlfield tag="005">20141125154302.0</controlfield>
      <controlfield tag="008">141125s2005    ir afh   bs   000 0 per d</controlfield>
      <datafield tag="010" ind1=" " ind2=" ">
         <subfield code="a">  2007377297</subfield>
      </datafield>
      <datafield tag="020" ind1=" " ind2=" ">
         <subfield code="a">9644262581</subfield>
      </datafield>
      <datafield tag="020" ind1=" " ind2=" ">
         <subfield code="a">9789644262586</subfield>
      </datafield>
      <datafield tag="035" ind1=" " ind2=" ">
         <subfield code="a">(OCoLC)228438932</subfield>
      </datafield>
      <datafield tag="040" ind1=" " ind2=" ">
         <subfield code="a">CUT</subfield>
         <subfield code="b">eng</subfield>
         <subfield code="c">CUT</subfield>
         <subfield code="d">DLC</subfield>
         <subfield code="d">ZCU</subfield>
         <subfield code="d">WAU</subfield>
         <subfield code="d">OCLCO</subfield>
         <subfield code="d">OCLCA</subfield>
         <subfield code="d">OCLCQ</subfield>
         <subfield code="d">OCLCF</subfield>
      </datafield>
      <datafield tag="042" ind1=" " ind2=" ">
         <subfield code="a">lccopycat</subfield>
         <subfield code="a">lcode</subfield>
      </datafield>
      <datafield tag="043" ind1=" " ind2=" ">
         <subfield code="a">a-ir---</subfield>
         <subfield code="a">a-su---</subfield>
      </datafield>
      <datafield tag="050" ind1="0" ind2="0">
         <subfield code="a">CE15</subfield>
         <subfield code="b">.N35 2005</subfield>
      </datafield>
      <datafield tag="100" ind1="1" ind2=" ">
         <subfield code="6">880-01</subfield>
         <subfield code="a">Najm al-Mulk, ʻAbd al-Ghaffār,</subfield>
         <subfield code="d">1839 or 1840-1908 or 1909.</subfield>
      </datafield>
      <datafield tag="240" ind1="1" ind2="0">
         <subfield code="a">Risālah-ʼi Taṭbīqīyah</subfield>
      </datafield>
      <datafield tag="245" ind1="1" ind2="0">
         <subfield code="6">880-02</subfield>
         <subfield code="a">Sih as̲ar az Najm al-Dawlah :</subfield>
         <subfield code="b">Risālah-ʼi Taṭbīqīyah ; Risālah-ʼi Tashkhīṣ-i nufūs-i Dār al-Khilāfah ; va, Safarnāmah-ʼi Ḥajj : bih munāsabat-i yakṣadumīn sālgard-i darʹguz̲asht-i ʻAbd al-Ghaffār Khān Najm al-Dawlah /</subfield>
         <subfield code="c">tanẓīm, taḥshīyah va taʻlīqāt-i Aḥmad Kitābī.</subfield>
      </datafield>
      <datafield tag="246" ind1="1" ind2="5">
         <subfield code="a">Three works of Najm al-Dawla</subfield>
      </datafield>
      <datafield tag="250" ind1=" " ind2=" ">
         <subfield code="6">880-03</subfield>
         <subfield code="a">Chāp-i 1.</subfield>
      </datafield>
      <datafield tag="260" ind1=" " ind2=" ">
         <subfield code="6">880-04</subfield>
         <subfield code="a">Tihrān :</subfield>
         <subfield code="b">Pizhūhishgāh-i ʻUlūm-i Insānī va Muṭālaʻāt-i Farhangī,</subfield>
         <subfield code="c">2005.</subfield>
      </datafield>
      <datafield tag="300" ind1=" " ind2=" ">
         <subfield code="a">9, 213 pages, [15] pages of plates :</subfield>
         <subfield code="b">illustrations, facsimiles ;</subfield>
         <subfield code="c">24 cm</subfield>
      </datafield>
      <datafield tag="336" ind1=" " ind2=" ">
         <subfield code="a">text</subfield>
         <subfield code="b">txt</subfield>
         <subfield code="2">rdacontent</subfield>
      </datafield>
      <datafield tag="337" ind1=" " ind2=" ">
         <subfield code="a">unmediated</subfield>
         <subfield code="b">n</subfield>
         <subfield code="2">rdamedia</subfield>
      </datafield>
      <datafield tag="338" ind1=" " ind2=" ">
         <subfield code="a">volume</subfield>
         <subfield code="b">nc</subfield>
         <subfield code="2">rdacarrier</subfield>
      </datafield>
      <datafield tag="546" ind1=" " ind2=" ">
         <subfield code="a">In Persian.</subfield>
      </datafield>
      <datafield tag="500" ind1=" " ind2=" ">
         <subfield code="a">Includes essay: Najm al-Dawlah, dānishmandī Jāmiʻ-i ʻUlūm va Funūn-i qadīm va jadīd / Muḥammad Dabīr Siyāqī.</subfield>
      </datafield>
      <datafield tag="504" ind1=" " ind2=" ">
         <subfield code="a">Includes bibliographical references.</subfield>
      </datafield>
      <datafield tag="650" ind1=" " ind2="0">
         <subfield code="a">Chronology</subfield>
         <subfield code="v">Tables.</subfield>
      </datafield>
      <datafield tag="650" ind1=" " ind2="0">
         <subfield code="a">Calendars.</subfield>
      </datafield>
      <datafield tag="650" ind1=" " ind2="0">
         <subfield code="a">Calendar, Gregorian</subfield>
         <subfield code="v">Tables.</subfield>
      </datafield>
      <datafield tag="650" ind1=" " ind2="0">
         <subfield code="a">Islamic calendar</subfield>
         <subfield code="v">Tables.</subfield>
      </datafield>
      <datafield tag="651" ind1=" " ind2="0">
         <subfield code="a">Tehran (Iran)</subfield>
         <subfield code="x">Population</subfield>
         <subfield code="v">Statistics.</subfield>
      </datafield>
      <datafield tag="651" ind1=" " ind2="0">
         <subfield code="a">Tehran (Iran)</subfield>
         <subfield code="v">Census, 1905.</subfield>
      </datafield>
      <datafield tag="650" ind1=" " ind2="0">
         <subfield code="a">Muslim pilgrims and pilgrimages</subfield>
         <subfield code="z">Saudi Arabia</subfield>
         <subfield code="z">Mecca</subfield>
         <subfield code="v">Diaries.</subfield>
      </datafield>
      <datafield tag="651" ind1=" " ind2="0">
         <subfield code="a">Mecca (Saudi Arabia)</subfield>
         <subfield code="x">Description and travel.</subfield>
      </datafield>
      <datafield tag="650" ind1=" " ind2="7">
         <subfield code="a">Calendar, Gregorian.</subfield>
         <subfield code="2">fast</subfield>
         <subfield code="0">(OCoLC)fst00844193</subfield>
      </datafield>
      <datafield tag="650" ind1=" " ind2="7">
         <subfield code="a">Calendars.</subfield>
         <subfield code="2">fast</subfield>
         <subfield code="0">(OCoLC)fst00844227</subfield>
      </datafield>
      <datafield tag="650" ind1=" " ind2="7">
         <subfield code="a">Chronology.</subfield>
         <subfield code="2">fast</subfield>
         <subfield code="0">(OCoLC)fst00860197</subfield>
      </datafield>
      <datafield tag="650" ind1=" " ind2="7">
         <subfield code="a">Islamic calendar.</subfield>
         <subfield code="2">fast</subfield>
         <subfield code="0">(OCoLC)fst01730291</subfield>
      </datafield>
      <datafield tag="650" ind1=" " ind2="7">
         <subfield code="a">Muslim pilgrims and pilgrimages.</subfield>
         <subfield code="2">fast</subfield>
         <subfield code="0">(OCoLC)fst01030970</subfield>
      </datafield>
      <datafield tag="650" ind1=" " ind2="7">
         <subfield code="a">Population.</subfield>
         <subfield code="2">fast</subfield>
         <subfield code="0">(OCoLC)fst01071476</subfield>
      </datafield>
      <datafield tag="650" ind1=" " ind2="7">
         <subfield code="a">Travel.</subfield>
         <subfield code="2">fast</subfield>
         <subfield code="0">(OCoLC)fst01155558</subfield>
      </datafield>
      <datafield tag="651" ind1=" " ind2="7">
         <subfield code="a">Iran</subfield>
         <subfield code="z">Tehran.</subfield>
         <subfield code="2">fast</subfield>
         <subfield code="0">(OCoLC)fst01204877</subfield>
      </datafield>
      <datafield tag="651" ind1=" " ind2="7">
         <subfield code="a">Saudi Arabia</subfield>
         <subfield code="z">Mecca.</subfield>
         <subfield code="2">fast</subfield>
         <subfield code="0">(OCoLC)fst01204780</subfield>
      </datafield>
      <datafield tag="648" ind1=" " ind2="7">
         <subfield code="a">1905</subfield>
         <subfield code="2">fast</subfield>
      </datafield>
      <datafield tag="655" ind1=" " ind2="7">
         <subfield code="a">Census.</subfield>
         <subfield code="2">fast</subfield>
         <subfield code="0">(OCoLC)fst01411644</subfield>
      </datafield>
      <datafield tag="655" ind1=" " ind2="7">
         <subfield code="a">Diaries.</subfield>
         <subfield code="2">fast</subfield>
         <subfield code="0">(OCoLC)fst01423794</subfield>
      </datafield>
      <datafield tag="655" ind1=" " ind2="7">
         <subfield code="a">Statistics.</subfield>
         <subfield code="2">fast</subfield>
         <subfield code="0">(OCoLC)fst01423727</subfield>
      </datafield>
      <datafield tag="655" ind1=" " ind2="7">
         <subfield code="a">Tables.</subfield>
         <subfield code="2">fast</subfield>
         <subfield code="0">(OCoLC)fst01423914</subfield>
      </datafield>
      <datafield tag="700" ind1="1" ind2=" ">
         <subfield code="6">880-05</subfield>
         <subfield code="a">Kitābī, Aḥmad.</subfield>
      </datafield>
      <datafield tag="700" ind1="1" ind2=" ">
         <subfield code="6">880-06</subfield>
         <subfield code="a">Dabīr Siyāqī, Muḥammad.</subfield>
      </datafield>
      <datafield tag="700" ind1="1" ind2="2">
         <subfield code="6">880-07</subfield>
         <subfield code="a">Najm al-Mulk, ʻAbd al-Ghaffār,</subfield>
         <subfield code="d">1839 or 1840-1908 or 1909.</subfield>
         <subfield code="t">Risālah-ʼi Tashkhīṣ-i nufūs-i Dār al-Khilāfah.</subfield>
      </datafield>
      <datafield tag="700" ind1="1" ind2="2">
         <subfield code="6">880-08</subfield>
         <subfield code="a">Najm al-Mulk, ʻAbd al-Ghaffār,</subfield>
         <subfield code="d">1839 or 1840-1908 or 1909.</subfield>
         <subfield code="t">Safarnāmah-ʼi ḥajj.</subfield>
      </datafield>
      <datafield tag="880" ind1="1" ind2=" ">
         <subfield code="6">100-01/</subfield>
         <subfield code="a">نجم الملك، عبد الغفار.</subfield>
      </datafield>
      <datafield tag="880" ind1="1" ind2="0">
         <subfield code="6">245-02/</subfield>
         <subfield code="a">سه اثر از نجم الدوله :</subfield>
         <subfield code="b">رسالۀ تطبيقيه ؛ رسالۀ‌ تشخيص نفوس دار الخلافة ؛ و، سفرنامۀ حج : به مناسبت يکصدمين سالگرد درگذشت عبد الغفار خان نجم الدوله /</subfield>
         <subfield code="c">تنظيم، تحشيه و تعليقات احمد کتابى.</subfield>
      </datafield>
      <datafield tag="880" ind1=" " ind2=" ">
         <subfield code="6">250-03/</subfield>
         <subfield code="a">چاپ 1.</subfield>
      </datafield>
      <datafield tag="880" ind1=" " ind2=" ">
         <subfield code="6">260-04/</subfield>
         <subfield code="a">تهران :</subfield>
         <subfield code="b">پژوهشگاه علوم انسانى و مطالعات فرهنگى،</subfield>
         <subfield code="c">2005.</subfield>
      </datafield>
      <datafield tag="880" ind1="1" ind2=" ">
         <subfield code="6">700-05/</subfield>
         <subfield code="a">کتابى، احمد.</subfield>
      </datafield>
      <datafield tag="880" ind1="1" ind2=" ">
         <subfield code="6">700-06/</subfield>
         <subfield code="a">دبير سياقى، محمد.</subfield>
      </datafield>
      <datafield tag="880" ind1="1" ind2="2">
         <subfield code="6">700-07/</subfield>
         <subfield code="a">نجم الملک، عبد الغفار.</subfield>
         <subfield code="t">رسالۀ تشخيص نفوس دار الخلافة.</subfield>
      </datafield>
      <datafield tag="880" ind1="1" ind2="2">
         <subfield code="6">700-08/</subfield>
         <subfield code="a">نجم الملک، عبد الغفار.</subfield>
         <subfield code="t">سفرنامۀ حج.</subfield>
      </datafield>
      <datafield tag="856" ind1="4" ind2="1">
         <subfield code="3">Table of contents</subfield>
         <subfield code="u">http://catdir.loc.gov/catdir/toc/fy11pdf04/2007377297.html</subfield>
      </datafield>
      <datafield tag="OWN" ind1=" " ind2=" ">
         <subfield code="a">GENERAL</subfield>
      </datafield>
      <datafield tag="AVA" ind1=" " ind2=" ">
         <subfield code="a">NYU50</subfield>
         <subfield code="b">NISAW</subfield>
         <subfield code="c">Small Collection</subfield>
         <subfield code="d">CE15 .N35 2005</subfield>
         <subfield code="e">available</subfield>
         <subfield code="t">Available</subfield>
         <subfield code="f">1</subfield>
         <subfield code="g">0</subfield>
         <subfield code="h">N</subfield>
         <subfield code="i">0</subfield>
         <subfield code="j">SMALL</subfield>
         <subfield code="k">0</subfield>
      </datafield>
      <marc:datafield tag="852" ind1=" " ind2=" ">
         <marc:subfield code="b">Institute for the Study of the Ancient World, </marc:subfield>
         <marc:subfield code="c">Small Collection</marc:subfield>
         <marc:subfield code="e">15 East 84th St., </marc:subfield>
         <marc:subfield code="e">New York, NY  10028</marc:subfield>
      </marc:datafield>
   </record>