
  
  
  
  
  
  
 
  
  <record xsi:schemaLocation="http://www.loc.gov/MARC21/slim http://www.loc.gov/standards/marcxml/schema/MARC21slim.xsd">
      <leader>00000cam  22004695a 4500</leader>
      <controlfield tag="FMT">BK</controlfield>
      <controlfield tag="LDR">00000cam  22004695a 4500</controlfield>
      <controlfield tag="001">004073696</controlfield>
      <controlfield tag="003">OCoLC</controlfield>
      <controlfield tag="005">20141126112156.0</controlfield>
      <controlfield tag="008">141126s2012    cc ab    b    100 0 chi</controlfield>
      <datafield tag="020" ind1=" " ind2=" ">
         <subfield code="a">9787549518388 (pbk)</subfield>
      </datafield>
      <datafield tag="020" ind1=" " ind2=" ">
         <subfield code="a">7549518386 (pbk)</subfield>
      </datafield>
      <datafield tag="035" ind1=" " ind2=" ">
         <subfield code="a">(OCoLC)814230059</subfield>
      </datafield>
      <datafield tag="040" ind1=" " ind2=" ">
         <subfield code="a">AU@</subfield>
         <subfield code="b">eng</subfield>
         <subfield code="c">AU@</subfield>
         <subfield code="d">OCLCO</subfield>
         <subfield code="d">ZYU</subfield>
         <subfield code="d">NNU</subfield>
      </datafield>
      <datafield tag="043" ind1=" " ind2=" ">
         <subfield code="a">a-cc-kc</subfield>
      </datafield>
      <datafield tag="050" ind1=" " ind2="4">
         <subfield code="a">DS706.5</subfield>
         <subfield code="b">.Z47 2010</subfield>
      </datafield>
      <datafield tag="066" ind1=" " ind2=" ">
         <subfield code="c">$1</subfield>
      </datafield>
      <datafield tag="082" ind1="0" ind2="4">
         <subfield code="a">911.5128</subfield>
         <subfield code="2">23</subfield>
      </datafield>
      <datafield tag="111" ind1="2" ind2=" ">
         <subfield code="6">880-01</subfield>
         <subfield code="a">Zhongguo li shi di li guo ji xue shu yan tao hui</subfield>
         <subfield code="d">(2010 :</subfield>
         <subfield code="c">Guangxi shi fan da xue)</subfield>
      </datafield>
      <datafield tag="245" ind1="1" ind2="0">
         <subfield code="6">880-02</subfield>
         <subfield code="a">Li shi huan jing yu bian jiang :</subfield>
         <subfield code="b">2010 Zhongguo li shi di li guo ji xue shu yan tao hui lun wen ji /</subfield>
         <subfield code="c">Zhou Changshan, Lin Qiang zhu bian.</subfield>
      </datafield>
      <datafield tag="246" ind1="3" ind2="0">
         <subfield code="6">880-03</subfield>
         <subfield code="a">2010 Zhongguo li shi di li guo ji xue shu yan tao hui lun wen ji.</subfield>
      </datafield>
      <datafield tag="246" ind1="3" ind2=" ">
         <subfield code="6">880-04</subfield>
         <subfield code="a">Er ling yi ling Zhongguo li shi di li guo ji xue shu yan tao hui lun wen ji.</subfield>
      </datafield>
      <datafield tag="250" ind1=" " ind2=" ">
         <subfield code="6">880-05</subfield>
         <subfield code="a">Di 1 ban.</subfield>
      </datafield>
      <datafield tag="260" ind1=" " ind2=" ">
         <subfield code="6">880-06</subfield>
         <subfield code="a">Guilin :</subfield>
         <subfield code="b">Guangxi shi fan da xue chu ban she,</subfield>
         <subfield code="c">2012.</subfield>
      </datafield>
      <datafield tag="300" ind1=" " ind2=" ">
         <subfield code="a">4, 627 p. :</subfield>
         <subfield code="b">ill., maps ;</subfield>
         <subfield code="c">27 cm.</subfield>
      </datafield>
      <datafield tag="504" ind1=" " ind2=" ">
         <subfield code="a">Includes bibliographical references.</subfield>
      </datafield>
      <datafield tag="520" ind1=" " ind2=" ">
         <subfield code="6">880-07</subfield>
         <subfield code="a">Shu zhong gong shou lun wen 61 pian, wei rao zhe Guangxi li shi di li, li shi zheng qu, zheng zhi di li, sheng tai huan jing bian qian, li shi jing ji di li, li shi wen hua di li, kao gu xin fa xian yu li shi di li xue deng zhu ti zhan kai.</subfield>
      </datafield>
      <datafield tag="505" ind1="0" ind2="0">
         <subfield code="6">880-08</subfield>
         <subfield code="t">Tang dai Gui guan ji Mi Zhou jian zhi yan ge lun gang /</subfield>
         <subfield code="r">Guo Shengbo --</subfield>
         <subfield code="t">Guangxi suo chu Nan chao mai di juan kao shi /</subfield>
         <subfield code="r">Lu Xiqi --</subfield>
         <subfield code="t">Lun Tang dai “Ling nan wu fu” jian zhi de chuang zhi yu yan ti：jian lun Tang hou qi Lingnan di yu jie du shi ji jian zhi /</subfield>
         <subfield code="r">Ai Chong --</subfield>
         <subfield code="t">Nanliu Jiang liu yu wen ming shi de zai fa xian /</subfield>
         <subfield code="r">Yang Tianbao --</subfield>
         <subfield code="t">Ming Xin'an Xian jian xian shi jian kao /</subfield>
         <subfield code="r">Wu Hongqi, Li Caimei --</subfield>
         <subfield code="t">Shui huan yu Xi Jiang liu yu gu dai cheng shi bian qian：yi Wu zhou cheng zhi xuan ze wei dui xiang de yan jiu /</subfield>
         <subfield code="r">Chen Longwen --</subfield>
         <subfield code="t">Ming Qing shi qi Guangxi Xi Jiang shui xi jiao tong fa zhan yu cheng zhen fen bu ge ju de ying xiang /</subfield>
         <subfield code="r">Xu Guiling, Situ Shangji --</subfield>
         <subfield code="t">Zai lun Hang Tang jian Hainan Dao de jian zhi yan ge /</subfield>
         <subfield code="r">Zhou Yunzhong --</subfield>
         <subfield code="t">"Da huang yu bing fang yu tu" hui cheng ri qi zhi kao cheng /</subfield>
         <subfield code="r">Hua Linfu --</subfield>
         <subfield code="t">Shi lun "Di tu", "Yu di tu" he "Yu tu" san ci de qi yuan yu bian liu /</subfield>
         <subfield code="r">Lu Xiangliang --</subfield>
         <subfield code="t">Xiao he gu dao ji qi cha dao He Zhou duan kao /</subfield>
         <subfield code="r">Wei Haoming --</subfield>
         <subfield code="t">Cong chu qing hua ci kui Jingdi Zhen Yuan dai shang ye jiao tong /</subfield>
         <subfield code="r">Cui Peng --</subfield>
         <subfield code="t">Liang Han Hepu Jun zhi ji shi fa gang wen ti yan jiu shu ping /</subfield>
         <subfield code="r">Chen Hongbo --</subfield>
         <subfield code="t">Ming dai Guangxi Tu si she zhi yu fen bu tai shi ji qi te zheng tan si /</subfield>
         <subfield code="r">Lan Wu --</subfield>
         <subfield code="t">Lun xin Gui xi shi qi de yan du chang jin zheng /</subfield>
         <subfield code="r">Yang Qiqiu --</subfield>
         <subfield code="t">Guangxi Qinlian Diqu zheng qu jian zhi bian qian de qu yu xiao ying fen xi /</subfield>
         <subfield code="r">Situ Shangji, Xu Guiling --</subfield>
         <subfield code="t">Chu Dangyang Dangtu shuo bian zheng /</subfield>
         <subfield code="r">Xu Shaohua --</subfield>
         <subfield code="t">Qing Hanzhong jun xian xian kao /</subfield>
         <subfield code="r">Zhu Shengzhong --</subfield>
         <subfield code="t">Liu chao shi qi Guixiang Xian, Xinling Xian, yu Badong Xian yan ge kao /</subfield>
         <subfield code="r">Yin Hongbing --</subfield>
         <subfield code="t">Qing mo yi lai da qu fan wei de jiao cuo yu fen li: yi "Xi nan" wei kao cha zhong xin /</subfield>
         <subfield code="r">Zhang Kefeng</subfield>
      </datafield>
      <datafield tag="505" ind1="0" ind2="0">
         <subfield code="6">880-09</subfield>
         <subfield code="t">Tang Song zhi Min guo shi qi xi nan bian yuan di dai cheng shi xuan zhi yu gong neng yan jiu：yi Ganzi-Aba Gaoyuan zhi suo wei zhong xin /</subfield>
         <subfield code="r">Tan Ying --</subfield>
         <subfield code="t">Guan yu Qing dai xian de cai che de kao cha：yi Shanxi Si xian wei zhong xin /</subfield>
         <subfield code="r">Hu Yuan --</subfield>
         <subfield code="t">Ming dai Yanbei di qu cheng bao de zhi neng, xuan zhi yu hou shi de yan yong qing kuang /</subfield>
         <subfield code="r">Sun Jingguo --</subfield>
         <subfield code="t">Liao dai se se yi yu bei fang nong mu jiao cuo dai dong duan zhong gu shi qi de qi hou bian qian /</subfield>
         <subfield code="r">Pan Sheng --</subfield>
         <subfield code="t">Huang He nan xi yu Xuzhou Diqu di sheng tai huan jing bian qian yan jiu /</subfield>
         <subfield code="r">Ge Zhaoshuai, Zhao Qing --</subfield>
         <subfield code="t">Gongyuan qian 1831 nian-Gongyuan 1980 nian Zhongguo di zhen zai hai dui jiao tong ying xiang de shi kong fen bu ji qi lei xing /</subfield>
         <subfield code="r">Ren Huizi, Cao Xiaohui --</subfield>
         <subfield code="t">Lun Qing dai Dian dong nan di qu ren di guan xi dui min zu guan xi de ying xiang /</subfield>
         <subfield code="r">Liu Xiangxue --</subfield>
         <subfield code="t">Qing dai Guangxi sheng tai huan jing bian qian yan jiu /</subfield>
         <subfield code="r">Zheng Weikuan --</subfield>
         <subfield code="t">Shang tai, jiao tong yu xian ji fen zheng：yi Qing dai Zhang He cao qiao wei xiu zao wei zhong xin /</subfield>
         <subfield code="r">Cheng Sen --</subfield>
         <subfield code="t">Ji yu gis he hu zhao xue chen ji wu fen xi fang fa de Guilin Huixian yn rong shi di de li shi yan hua jin cheng fen xi /</subfield>
         <subfield code="r">Zhao Xianggui, Cai Desuo, Wang Kui, Roy.gu, Li Shijie --</subfield>
         <subfield code="t">Min guo shi qi Qinghai shang ye ji cheng zhen de fa zhan yu bu ju shu lun /</subfield>
         <subfield code="r">Zhang Baojian --</subfield>
         <subfield code="t">Dongbei nan bu li shi zhong de di li yin su /</subfield>
         <subfield code="r">Zhang Shizun --</subfield>
         <subfield code="t">Dui "Shang shu" li shi di li huan jing zhen shi tu jing zhi jin si huan yuan：ji yu yu hui xue dui "Shang shu" wen ben de kao cha /</subfield>
         <subfield code="r">Kang Jianjun --</subfield>
         <subfield code="t">Li Daoyuan nian pu bu zheng /</subfield>
         <subfield code="r">Zhang Pengfei --</subfield>
         <subfield code="t">Lue lun "Shu jian" de li shi jun shi di li jian zhi /</subfield>
         <subfield code="r">Zhao Bingqing --</subfield>
      </datafield>
      <datafield tag="505" ind1="0" ind2="0">
         <subfield code="6">880-10</subfield>
         <subfield code="t">Qing dai Xinjiang "Man cheng" shi kong jie gou yan jiu /</subfield>
         <subfield code="r">Zhu Shijie, Han Guanghui --</subfield>
         <subfield code="t">Yuan Daduo "wu shi fang" wen ti kao shi /</subfield>
         <subfield code="r">Sun Donghu --</subfield>
         <subfield code="t">Guangxi Nanning qi lou de kong jian fen bu yu xing cheng ji li fen xi /</subfield>
         <subfield code="r">Teng Lanhua --</subfield>
         <subfield code="t">Cong gang kou--fu di yan jiu dao Zhongguo jin dai jin ji di li yan jiu lue lun /</subfield>
         <subfield code="r">Wu Songdi, Fang Shusheng --</subfield>
         <subfield code="t">Jin dai Huang He hang yun kao /</subfield>
         <subfield code="r">Fang Rusheng --</subfield>
         <subfield code="t">Shi lun Qing dai Qian jian de di li fen bu /</subfield>
         <subfield code="r">Ma Qi --</subfield>
         <subfield code="t">Gui xi bei you mi min su de lu you yun yong tan jiu /</subfield>
         <subfield code="r">Jiang Riqing --</subfield>
         <subfield code="t">Zhongguo cheng shi shi yan jiu: yuan liu, xiang zhuang, yu qian jing /</subfield>
         <subfield code="r">Mao Xi --</subfield>
         <subfield code="t">Qing Zang Gaoyuan de sang su min su /</subfield>
         <subfield code="r">Zhu Puxuan --</subfield>
         <subfield code="t">Bian sai yu nei jun：Qing dai Minguo he long sang li di li yan jiu /</subfield>
         <subfield code="r">Li Zhijun --</subfield>
         <subfield code="t">Guiping lu you di zhi zi yan de ping jia yan jiu /</subfield>
         <subfield code="r">Lu Jun --</subfield>
         <subfield code="t">Cong Qingzhou dao Jinan: Song zhi Ming chu Shandong Bandao zhong xin cheng shi zhuan yi yuan jiu /</subfield>
         <subfield code="r">Li Ga --</subfield>
         <subfield code="t">Tuguhun wang du fi yi xuan cheng zhuo yi: jia ntan you mu min zu jian du xuan zhi de guan nian /</subfield>
         <subfield code="r">Zhu Yuemei --</subfield>
         <subfield code="t">Lun "Gui hai yu heng zhi" de qu yu wen hua te se yu huan jing shi liao jia zhi的 /</subfield>
         <subfield code="r">Zhang Quanming --</subfield>
         <subfield code="t">Tang Song shi qi dui Xinan Diqu sheng wu di li de ren shi ji cheng jiu /</subfield>
         <subfield code="r">Ma Qiang --</subfield>
         <subfield code="t">Tang dai Jingyuan jie du shi she zhi yuan yin bian zheng /</subfield>
         <subfield code="r">Li Xingui --</subfield>
         <subfield code="t">Beijing Fengtai Diqu gu dai yuan lin kao cha /</subfield>
         <subfield code="r">Wu Wentao</subfield>
      </datafield>
      <datafield tag="505" ind1="0" ind2="0">
         <subfield code="6">880-11</subfield>
         <subfield code="t">Fei yi tong kao /</subfield>
         <subfield code="r">Yong Jichun --</subfield>
         <subfield code="t">Jin shi Zhejiang hun su de qu yu te zheng ji di yu cha yi /</subfield>
         <subfield code="r">Zhu Haibing --</subfield>
         <subfield code="t">Li shi di li" lun wen de tong ji fen xi /</subfield>
         <subfield code="r">Zhu Yi --</subfield>
         <subfield code="t">Xian Qin "Bing" di de bian qian /</subfield>
         <subfield code="r">Ma Baochun --</subfield>
         <subfield code="t">Qian lun nan bei Song ling bu ju /</subfield>
         <subfield code="r">Lou Zhao, Li Na, Zhu Weiping --</subfield>
         <subfield code="t">Zhongguo jin dai cheng shi di tu de xin jiu jia oti yu yan bian li cheng /</subfield>
         <subfield code="r">Zhong Chong --</subfield>
         <subfield code="t">Guang hua zai Guangxi chuan bo de li shi guo cheng yu fen bu yan jiu /</subfield>
         <subfield code="r">Fan Yuchun --</subfield>
         <subfield code="t">1911-1934 nian Yanchaun Xian ren di guan xi shi kuang zhi kao cha /</subfield>
         <subfield code="r">Hou Yongjian --</subfield>
         <subfield code="t">Ming dai Lingnan gang kou yu Xijiang jiao tong, chang mao lian xi chu tan /</subfield>
         <subfield code="r">Wang Yuanlin --</subfield>
         <subfield code="t">Xi Jiang liu yu cheng zhen ti xi fen bu kong jian jie gou de li shi xue yan jiu /</subfield>
         <subfield code="r">Zhou Changshan --</subfield>
         <subfield code="t">Chu "Yang xian", "Yang jun", "Yang wen jun" kao /</subfield>
         <subfield code="r">Zhen Wei --</subfield>
         <subfield code="t">Zhang jia shan Han jian "Er nian lu lin・zhi lu" di ming bu shi (san ze) /</subfield>
         <subfield code="r">Yan Changgui --</subfield>
         <subfield code="t">2010 nian Zhongguo li shi di li guo ji xue shu yan tao hui zong shu /</subfield>
         <subfield code="r">Jiang Tianxiang.</subfield>
      </datafield>
      <datafield tag="650" ind1=" " ind2="0">
         <subfield code="a">Boundaries</subfield>
         <subfield code="x">Historical geography</subfield>
         <subfield code="v">Congresses.</subfield>
      </datafield>
      <datafield tag="650" ind1=" " ind2="0">
         <subfield code="a">Ecology</subfield>
         <subfield code="x">Environmental aspects</subfield>
         <subfield code="z">China</subfield>
         <subfield code="z">Guangxi Zhuangzu Zizhiqu</subfield>
         <subfield code="v">Congresses.</subfield>
      </datafield>
      <datafield tag="651" ind1=" " ind2="0">
         <subfield code="a">Guangxi Zhuangzu Zizhiqu (China)</subfield>
         <subfield code="x">Historical geography</subfield>
         <subfield code="v">Congresses.</subfield>
      </datafield>
      <datafield tag="700" ind1="1" ind2=" ">
         <subfield code="a">Zhou, Changshan</subfield>
         <subfield code="6">880-12</subfield>
      </datafield>
      <datafield tag="700" ind1="1" ind2=" ">
         <subfield code="a">Lin, Qiang</subfield>
         <subfield code="6">880-13</subfield>
      </datafield>
      <datafield tag="880" ind1="2" ind2=" ">
         <subfield code="6">111-01/</subfield>
         <subfield code="a">中国历史地理国际学术研讨会</subfield>
         <subfield code="d">(2010 :</subfield>
         <subfield code="c">广西师范大学)</subfield>
      </datafield>
      <datafield tag="880" ind1="1" ind2="0">
         <subfield code="6">245-02/</subfield>
         <subfield code="a">历史环境与边疆 :</subfield>
         <subfield code="b">2010中国历史地理国际学术研讨会论文集 /</subfield>
         <subfield code="c">周长山, 林强主编.</subfield>
      </datafield>
      <datafield tag="880" ind1="3" ind2="0">
         <subfield code="6">246-03/</subfield>
         <subfield code="a">2010中国历史地理国际学术研讨会论文集</subfield>
      </datafield>
      <datafield tag="880" ind1="3" ind2=" ">
         <subfield code="6">246-04/</subfield>
         <subfield code="a">二〇一〇中国历史地理国际学术研讨会论文集</subfield>
      </datafield>
      <datafield tag="880" ind1=" " ind2=" ">
         <subfield code="6">250-05/</subfield>
         <subfield code="a">第1版</subfield>
      </datafield>
      <datafield tag="880" ind1=" " ind2=" ">
         <subfield code="6">260-06/</subfield>
         <subfield code="a">桂林 :</subfield>
         <subfield code="b">广西师范大学出版社,</subfield>
         <subfield code="c">2012.</subfield>
      </datafield>
      <datafield tag="880" ind1=" " ind2=" ">
         <subfield code="6">520-07/</subfield>
         <subfield code="a">书中共收论文61篇, 围绕着广西历史地理, 历史政区, 政治地理, 生态环境变迁, 历史经济地理, 历史文化地理, 考古新发现与历史地理学等主题展开.</subfield>
      </datafield>
      <datafield tag="880" ind1="0" ind2="0">
         <subfield code="6">505-08/</subfield>
         <subfield code="t">唐代桂管羁縻州建置沿革论纲 /</subfield>
         <subfield code="r">郭声波 --</subfield>
         <subfield code="t">广西所出南朝买地券考释 /</subfield>
         <subfield code="r">鲁西奇 --</subfield>
         <subfield code="t">论唐代"岭南五府"建制的创置与演替：兼论唐后期岭南地域节度使司建制 /</subfield>
         <subfield code="r">艾冲 --</subfield>
         <subfield code="t">南流江流域文明史的再发现 /</subfield>
         <subfield code="r">杨天保 --</subfield>
         <subfield code="t">明新安县建县时间考 /</subfield>
         <subfield code="r">吴宏岐, 李彩梅 --</subfield>
         <subfield code="t">水患与西江流域古代城市变迁：以梧州城址选择为对象的研究 /</subfield>
         <subfield code="r">陈隆文 --</subfield>
         <subfield code="t">明清时期广西西江水系交通发展与城镇分布格局的形成 /</subfield>
         <subfield code="r">许桂灵, 司徒尚纪 --</subfield>
         <subfield code="t">再论汉唐间海南岛的建置沿革 /</subfield>
         <subfield code="r">周运中 --</subfield>
         <subfield code="t">《大黄江圩兵防舆图》绘成日期之考证 /</subfield>
         <subfield code="r">华林甫 --</subfield>
         <subfield code="t">试论"地图", "舆地图" 和"舆图"三词的起源与流变 /</subfield>
         <subfield code="r">卢祥亮 --</subfield>
         <subfield code="t">潇贺古道及其岔道贺州段考 /</subfield>
         <subfield code="r">韦浩明 --</subfield>
         <subfield code="t">从出土青花瓷窥景德镇元代商业交通 /</subfield>
         <subfield code="r">崔鹏 --</subfield>
         <subfield code="t">两汉合浦郡治及始发港问题研究述评 /</subfield>
         <subfield code="r">陈洪波 --</subfield>
         <subfield code="t">明代广西土司设置与分布态势及其特征探析 /</subfield>
         <subfield code="r">蓝武 --</subfield>
         <subfield code="t">论新桂系时期的烟赌娼禁政 /</subfield>
         <subfield code="r">杨启秋 --</subfield>
         <subfield code="t">广西钦廉地区政区建置变迁的区域效应分析 /</subfield>
         <subfield code="r">司徒尚纪, 徐桂灵 --</subfield>
         <subfield code="t">楚丹阳当涂说辨正 /</subfield>
         <subfield code="r">徐少华 --</subfield>
         <subfield code="t">秦汉中郡辖县考 /</subfield>
         <subfield code="r">朱圣钟 --</subfield>
         <subfield code="t">六朝时期归乡县、信陵县与巴东县沿革考 /</subfield>
         <subfield code="r">尹宏兵 --</subfield>
         <subfield code="t">清末以来大区范围的交错与分离: 以"西南"为考察中心 /</subfield>
         <subfield code="r">张轲风</subfield>
      </datafield>
      <datafield tag="880" ind1="0" ind2="0">
         <subfield code="6">505-09/</subfield>
         <subfield code="t">唐宋至民国时期西南边缘地带城市的选址与功能研究：以甘孜－阿坝高原治所为中心 /</subfield>
         <subfield code="r">覃影 --</subfield>
         <subfield code="t">关于清代县的裁撤的考察：以山西四县为中心 /</subfield>
         <subfield code="r">胡桓 --</subfield>
         <subfield code="t">明代雁北地区城堡的职能, 选址与后世的沿用情况 /</subfield>
         <subfield code="r">孙靖国 --</subfield>
         <subfield code="t">辽代瑟瑟仪与北方农牧交错带东段中古时期的气候变迁 /</subfield>
         <subfield code="r">潘晟 --</subfield>
         <subfield code="t">黄河南徙与徐州地区地生态环境变迁研究 /</subfield>
         <subfield code="r">葛兆帅, 赵清 --</subfield>
         <subfield code="t">公元前1831年-公元1980年中国地震灾害对交通影响的时空分布及其类型 /</subfield>
         <subfield code="r">任惠子, 曹小曙 --</subfield>
         <subfield code="t">论清代滇东南地区人地关系对民族关系的影响 /</subfield>
         <subfield code="r">刘祥学 --</subfield>
         <subfield code="t">清代广西生态环境变迁研究 /</subfield>
         <subfield code="r">郑维宽 --</subfield>
         <subfield code="t">生态, 交通与县际纷争：以清代漳河草桥的修造为中心 /</subfield>
         <subfield code="r">程森 --</subfield>
         <subfield code="t">基于gis和湖沼学沉积物分析方法的桂林会仙岩溶湿地的历史演化进程分析 /</subfield>
         <subfield code="r">赵湘桂, 蔡德所, 王魁, Roy.gu, 李世杰 --</subfield>
         <subfield code="t">民国时期青海商业及城镇的发展与布局述论 /</subfield>
         <subfield code="r">张保见 --</subfield>
         <subfield code="t">东北南部历史中的地理因素 /</subfield>
         <subfield code="r">张士尊 --</subfield>
         <subfield code="t">对《尚书》历史地理环境真实图景之近似还原：基于语汇学对《尚书》文本的考察 /</subfield>
         <subfield code="r">康建军 --</subfield>
         <subfield code="t">郦道元年谱补正 /</subfield>
         <subfield code="r">张鹏飞 --</subfield>
         <subfield code="t">略论《蜀鉴》的历史军事地理价值 /</subfield>
         <subfield code="r">赵炳清 --</subfield>
      </datafield>
      <datafield tag="880" ind1="0" ind2="0">
         <subfield code="6">505-10/</subfield>
         <subfield code="t">清代新疆"满城"时空结构研究 /</subfield>
         <subfield code="r">朱世杰, 韩光辉 --</subfield>
         <subfield code="t">元大都"五十坊"问题考释 /</subfield>
         <subfield code="r">孙冬虎 --</subfield>
         <subfield code="t">广西南宁骑楼的空间分布与形成机理分析 /</subfield>
         <subfield code="r">滕兰花 --</subfield>
         <subfield code="t">从"港口--腹地研究'到中国近代经济地理研究略论 /</subfield>
         <subfield code="r">吴松弟, 方书生 --</subfield>
         <subfield code="t">近代黄河航运考 /</subfield>
         <subfield code="r">樊如生 --</subfield>
         <subfield code="t">试论清代黔铅的地理分布 /</subfield>
         <subfield code="r">马琦 --</subfield>
         <subfield code="t">桂西北游艺民俗的旅游运用探究 /</subfield>
         <subfield code="r">江日清 --</subfield>
         <subfield code="t">中国城市史研究：源流, 现状与前景 /</subfield>
         <subfield code="r">毛曦 --</subfield>
         <subfield code="t">青藏高原的丧葬民俗 /</subfield>
         <subfield code="r">朱普选 边塞与内郡：清代民国河陇丧礼地理研究 /</subfield>
         <subfield code="r">李智军 --</subfield>
         <subfield code="t">桂平旅游地质资源的评价研究 /</subfield>
         <subfield code="r">陆军 --</subfield>
         <subfield code="t">从青州到济南：宋至明初山东半岛中心城市转移研究 /</subfield>
         <subfield code="r">李嘎 --</subfield>
         <subfield code="t">吐谷浑王都伏俟城选址斠议：兼谈游牧民族建都选址的观念/</subfield>
         <subfield code="r">朱悦梅 --</subfield>
         <subfield code="t">论《桂海虞衡志》的区域文化特色与环境史料价值 /</subfield>
         <subfield code="r">张全明 --</subfield>
         <subfield code="t">唐宋时期对西南地区生物地理的认识及成就 /</subfield>
         <subfield code="r">马强 --</subfield>
         <subfield code="t">唐代泾原节度使设置原因辨证 /</subfield>
         <subfield code="r">李新贵 --</subfield>
         <subfield code="t">北京丰台地区古代园林考索 /</subfield>
         <subfield code="r">吴文涛 --</subfield>
      </datafield>
      <datafield tag="880" ind1="0" ind2="0">
         <subfield code="6">505-11/</subfield>
         <subfield code="t">费邑通考 /</subfield>
         <subfield code="r">雍际春 --</subfield>
         <subfield code="t">近世浙江婚俗的区域特征及地域差异 /</subfield>
         <subfield code="r">朱海滨 --</subfield>
         <subfield code="t">《历史地理》论文的统计分析 /</subfield>
         <subfield code="r">朱毅 --</subfield>
         <subfield code="t">先秦 "并" 地的变迁 /</subfield>
         <subfield code="r">马保春 --</subfield>
         <subfield code="t">浅论南北宋陵布局 /</subfield>
         <subfield code="r">娄昭, 李娜, 祝炜平 --</subfield>
         <subfield code="t">中国近代城市地图的新旧交替与演变历程 /</subfield>
         <subfield code="r">钟翀 --</subfield>
         <subfield code="t">官话在广西传播的历史过程与分布研究 /</subfield>
         <subfield code="r">范玉春 --</subfield>
         <subfield code="t">1911-1934年延川县人地关系实况之考察 /</subfield>
         <subfield code="r">侯甬坚 --</subfield>
         <subfield code="t">明代岭南港口与西江交通, 商贸联系初探 /</subfield>
         <subfield code="r">王元林 --</subfield>
         <subfield code="t">西江流域城镇体系分布空间结构的历史学研究 /</subfield>
         <subfield code="r">周长山 --</subfield>
         <subfield code="t">楚"阳县", "阳君", "阳文君"考 /</subfield>
         <subfield code="r">郑威 --</subfield>
         <subfield code="t">张家山汉简《二年律令・秩律》地名补释（三则）/</subfield>
         <subfield code="r">晏昌贵 --</subfield>
         <subfield code="t">2010年中国历史地理国际学术研讨会综述 /</subfield>
         <subfield code="r">江田祥.</subfield>
      </datafield>
      <datafield tag="880" ind1="1" ind2=" ">
         <subfield code="6">700-12/</subfield>
         <subfield code="a">周长山</subfield>
      </datafield>
      <datafield tag="880" ind1="1" ind2=" ">
         <subfield code="6">700-13/</subfield>
         <subfield code="a">林强</subfield>
      </datafield>
      <datafield tag="994" ind1=" " ind2=" ">
         <subfield code="a">Z0</subfield>
         <subfield code="b">ZYU</subfield>
      </datafield>
      <datafield tag="OWN" ind1=" " ind2=" ">
         <subfield code="a">GENERAL</subfield>
      </datafield>
      <datafield tag="AVA" ind1=" " ind2=" ">
         <subfield code="a">NYU50</subfield>
         <subfield code="b">NISAW</subfield>
         <subfield code="c">Small Collection</subfield>
         <subfield code="d">DS706.5 .Z47 2010</subfield>
         <subfield code="e">available</subfield>
         <subfield code="t">Available</subfield>
         <subfield code="f">1</subfield>
         <subfield code="g">0</subfield>
         <subfield code="h">N</subfield>
         <subfield code="i">0</subfield>
         <subfield code="j">SMALL</subfield>
         <subfield code="k">0</subfield>
      </datafield>
      <marc:datafield tag="852" ind1=" " ind2=" ">
         <marc:subfield code="b">Institute for the Study of the Ancient World, </marc:subfield>
         <marc:subfield code="c">Small Collection</marc:subfield>
         <marc:subfield code="e">15 East 84th St., </marc:subfield>
         <marc:subfield code="e">New York, NY  10028</marc:subfield>
      </marc:datafield>
   </record>