
  
  
  
  
  
 
  
  <record xsi:schemaLocation="http://www.loc.gov/MARC21/slim http://www.loc.gov/standards/marcxml/schema/MARC21slim.xsd">
      <leader>00000cem  2200685 a 4500</leader>
      <controlfield tag="FMT">MP</controlfield>
      <controlfield tag="LDR">00000cem  2200685 a 4500</controlfield>
      <controlfield tag="001">004073727</controlfield>
      <controlfield tag="003">OCoLC</controlfield>
      <controlfield tag="005">20150108162306.0</controlfield>
      <controlfield tag="006">ab     b    001 0</controlfield>
      <controlfield tag="007">ad canz|</controlfield>
      <controlfield tag="008">141126s2001    meuc   cc e     1   eng d</controlfield>
      <datafield tag="020" ind1=" " ind2=" ">
         <subfield code="a">9514590503</subfield>
      </datafield>
      <datafield tag="020" ind1=" " ind2=" ">
         <subfield code="a">9789514590504</subfield>
      </datafield>
      <datafield tag="034" ind1="1" ind2=" ">
         <subfield code="a">a</subfield>
         <subfield code="b">1000000</subfield>
         <subfield code="d">E0320000</subfield>
         <subfield code="e">E0540000</subfield>
         <subfield code="f">N0390000</subfield>
         <subfield code="g">N0300000</subfield>
      </datafield>
      <datafield tag="034" ind1="1" ind2=" ">
         <subfield code="a">a</subfield>
         <subfield code="b">2000000</subfield>
         <subfield code="d">E0320000</subfield>
         <subfield code="e">E0540000</subfield>
         <subfield code="f">N0390000</subfield>
         <subfield code="g">N0300000</subfield>
      </datafield>
      <datafield tag="035" ind1=" " ind2=" ">
         <subfield code="a">(OCoLC)48052180</subfield>
         <subfield code="z">(OCoLC)59293593</subfield>
      </datafield>
      <datafield tag="040" ind1=" " ind2=" ">
         <subfield code="a">WAU</subfield>
         <subfield code="b">eng</subfield>
         <subfield code="c">WAU</subfield>
         <subfield code="d">MEBAG</subfield>
         <subfield code="d">OCLCQ</subfield>
         <subfield code="d">YDXCP</subfield>
         <subfield code="d">NNG</subfield>
         <subfield code="d">OCLCQ</subfield>
         <subfield code="d">WAU</subfield>
         <subfield code="d">OCLCF</subfield>
         <subfield code="d">NNU</subfield>
      </datafield>
      <datafield tag="043" ind1=" " ind2=" ">
         <subfield code="a">aw-----</subfield>
      </datafield>
      <datafield tag="050" ind1=" " ind2="4">
         <subfield code="a">G2206.S1</subfield>
         <subfield code="b">H44 2001</subfield>
      </datafield>
      <datafield tag="082" ind1="0" ind2="4">
         <subfield code="a">912.56</subfield>
         <subfield code="b">H484</subfield>
      </datafield>
      <datafield tag="245" ind1="0" ind2="4">
         <subfield code="a">The Helsinki atlas of the Near East in the neo-Assyrian period /</subfield>
         <subfield code="c">edited by Simo Parpola &amp; Michael Porter.</subfield>
      </datafield>
      <datafield tag="246" ind1="3" ind2="0">
         <subfield code="a">Near East in the neo-Assyrian period</subfield>
      </datafield>
      <datafield tag="246" ind1="1" ind2="8">
         <subfield code="a">Helsinki atlas</subfield>
      </datafield>
      <datafield tag="255" ind1=" " ind2=" ">
         <subfield code="a">Scale 1:1,000,000 ; Lambert conformal conic proj.</subfield>
         <subfield code="c">(E 32°--E 54°/N 39°--N 30°).</subfield>
      </datafield>
      <datafield tag="255" ind1=" " ind2=" ">
         <subfield code="a">Scale 1:2,000,000 ; Lambert conformal conic proj.</subfield>
         <subfield code="c">(E 32°--E 54°/N 39°--N 30°).</subfield>
      </datafield>
      <datafield tag="260" ind1=" " ind2=" ">
         <subfield code="a">[Chebeague Island, Me.] :</subfield>
         <subfield code="b">Casco Bay Assyriological Institute ;</subfield>
         <subfield code="a">[Helsinki] :</subfield>
         <subfield code="b">Neo-Assyrian Text Corpus Project,</subfield>
         <subfield code="c">2001.</subfield>
      </datafield>
      <datafield tag="300" ind1=" " ind2=" ">
         <subfield code="a">1 atlas (xii, 46 p.) :</subfield>
         <subfield code="b">28 col. maps ;</subfield>
         <subfield code="c">28 cm. +</subfield>
         <subfield code="e">1 map in pocket (57 x 96 cm.)</subfield>
      </datafield>
      <datafield tag="500" ind1=" " ind2=" ">
         <subfield code="a">ISAW copy is from the Library of Hayim and Miriam Tadmor.</subfield>
         <subfield code="5">NNU</subfield>
      </datafield>
      <datafield tag="500" ind1=" " ind2=" ">
         <subfield code="a">Relief shown by gradient tints.</subfield>
      </datafield>
      <datafield tag="504" ind1=" " ind2=" ">
         <subfield code="a">Includes index maps, gazetteer, and bibliographical references.</subfield>
      </datafield>
      <datafield tag="500" ind1=" " ind2=" ">
         <subfield code="a">Base map from the data set Vector map level (VMAP0) by the United States National Imagery and Mapping Agency.</subfield>
      </datafield>
      <datafield tag="500" ind1=" " ind2=" ">
         <subfield code="a">Accompanying map is a reproduction of the 1:2,000,000 scale maps contained in the atlas shown as one complete map of the area.</subfield>
      </datafield>
      <datafield tag="500" ind1=" " ind2=" ">
         <subfield code="a">Title on accompanying map: Near East in the neo-Assyrian period.</subfield>
      </datafield>
      <datafield tag="651" ind1=" " ind2="0">
         <subfield code="a">Assyria</subfield>
         <subfield code="v">Maps.</subfield>
      </datafield>
      <datafield tag="651" ind1=" " ind2="0">
         <subfield code="a">Assyria</subfield>
         <subfield code="v">Gazetteers.</subfield>
      </datafield>
      <datafield tag="650" ind1=" " ind2="0">
         <subfield code="a">Names, Geographical</subfield>
         <subfield code="z">Assyria.</subfield>
      </datafield>
      <datafield tag="650" ind1=" " ind2="7">
         <subfield code="a">Names, Geographical.</subfield>
         <subfield code="2">fast</subfield>
         <subfield code="0">(OCoLC)fst01032409</subfield>
      </datafield>
      <datafield tag="651" ind1=" " ind2="7">
         <subfield code="a">Middle East</subfield>
         <subfield code="z">Assyria.</subfield>
         <subfield code="2">fast</subfield>
         <subfield code="0">(OCoLC)fst01220876</subfield>
      </datafield>
      <datafield tag="655" ind1=" " ind2="7">
         <subfield code="a">Atlases.</subfield>
         <subfield code="2">lcgft</subfield>
      </datafield>
      <datafield tag="655" ind1=" " ind2="7">
         <subfield code="a">Maps.</subfield>
         <subfield code="2">lcgft</subfield>
      </datafield>
      <datafield tag="655" ind1=" " ind2="7">
         <subfield code="a">Gazetteers.</subfield>
         <subfield code="2">lcgft</subfield>
      </datafield>
      <datafield tag="655" ind1=" " ind2="7">
         <subfield code="a">Gazetteers.</subfield>
         <subfield code="2">fast</subfield>
         <subfield code="0">(OCoLC)fst01423817</subfield>
      </datafield>
      <datafield tag="655" ind1=" " ind2="7">
         <subfield code="a">Maps.</subfield>
         <subfield code="2">fast</subfield>
         <subfield code="0">(OCoLC)fst01423704</subfield>
      </datafield>
      <datafield tag="796" ind1="1" ind2=" ">
         <subfield code="a">Tadmor, Hayim,</subfield>
         <subfield code="e">former owner.</subfield>
      </datafield>
      <datafield tag="796" ind1="1" ind2=" ">
         <subfield code="a">Tadmor, Miriam,</subfield>
         <subfield code="e">former owner.</subfield>
      </datafield>
      <datafield tag="797" ind1="2" ind2=" ">
         <subfield code="a">Tadmor Collection.</subfield>
      </datafield>
      <datafield tag="700" ind1="1" ind2=" ">
         <subfield code="a">Parpola, Simo.</subfield>
      </datafield>
      <datafield tag="700" ind1="1" ind2=" ">
         <subfield code="a">Porter, Michael,</subfield>
         <subfield code="d">1942-</subfield>
      </datafield>
      <datafield tag="710" ind1="2" ind2=" ">
         <subfield code="a">Casco Bay Assyriological Institute.</subfield>
      </datafield>
      <datafield tag="710" ind1="2" ind2=" ">
         <subfield code="a">Neo-Assyrian Text Corpus Project.</subfield>
      </datafield>
      <datafield tag="776" ind1="0" ind2="8">
         <subfield code="i">Online version:</subfield>
         <subfield code="t">Helsinki atlas of the Near East in the neo-Assyrian period.</subfield>
         <subfield code="d">[Chebeague Island, Me.] : Casco Bay Assyriological Institute ; [Helsinki] : Neo-Assyrian Text Corpus Project, 2001</subfield>
         <subfield code="w">(OCoLC)605200852</subfield>
      </datafield>
      <datafield tag="776" ind1="0" ind2="8">
         <subfield code="i">Online version:</subfield>
         <subfield code="t">Helsinki atlas of the Near East in the neo-Assyrian period.</subfield>
         <subfield code="d">[Chebeague Island, Me.] : Casco Bay Assyriological Institute ; [Helsinki] : Neo-Assyrian Text Corpus Project, 2001</subfield>
         <subfield code="w">(OCoLC)606536940</subfield>
      </datafield>
      <datafield tag="994" ind1=" " ind2=" ">
         <subfield code="a">Z0</subfield>
         <subfield code="b">ZYU</subfield>
      </datafield>
      <datafield tag="OWN" ind1=" " ind2=" ">
         <subfield code="a">GENERAL</subfield>
      </datafield>
      <datafield tag="AVA" ind1=" " ind2=" ">
         <subfield code="a">NYU50</subfield>
         <subfield code="b">NISAW</subfield>
         <subfield code="c">Reference 4 Collection</subfield>
         <subfield code="d">G2206.S1 H44 2001</subfield>
         <subfield code="e">available</subfield>
         <subfield code="t">Available</subfield>
         <subfield code="f">2</subfield>
         <subfield code="g">1</subfield>
         <subfield code="h">N</subfield>
         <subfield code="i">0</subfield>
         <subfield code="j">REF4</subfield>
         <subfield code="k">0</subfield>
      </datafield>
      <marc:datafield tag="852" ind1=" " ind2=" ">
         <marc:subfield code="b">Institute for the Study of the Ancient World, </marc:subfield>
         <marc:subfield code="c">Reference 4 Collection</marc:subfield>
         <marc:subfield code="e">15 East 84th St., </marc:subfield>
         <marc:subfield code="e">New York, NY  10028</marc:subfield>
      </marc:datafield>
   </record>